1809 2469
800 236 912 277 (53)

240 310 370 342 Caldani
389 311 423 341 in
444 310 618 341 octodecim
639 308 827 340 animalibus
849 314 971 350 partem
997 319 1164 352 corporum
1187 310 1367 341 striatorum
1389 309 1516 341 abstulit

194 366 228 396 in
247 377 311 396 uno
327 365 441 404 latere,
457 371 489 396 et
503 365 536 395 in
553 362 715 401 omnibus,
733 362 900 404 paralysim
916 362 990 393 oriri
1006 362 1038 392 in
1058 362 1155 393 latere
1172 363 1312 405 opposito
1328 362 1513 394 observavit.

194 418 329 449 Wenzel
358 419 442 449 inter
473 423 542 448 octo
574 427 661 447 casus
695 415 916 458 hemiplegiae,
952 416 1096 458 quinque
1126 422 1293 447 enumerat
1324 416 1379 447 ubi
1414 415 1515 446 morbi

192 483 285 503 causa
304 472 411 503 sedem
433 483 521 503 suam
543 469 678 501 habebat
697 469 730 500 in
753 469 815 499 illis
834 470 968 511 organis.
991 469 1077 499 Inter
1097 468 1327 500 observationes
1348 480 1425 510 quas
1441 469 1516 499 citat

191 525 231 556 cl.
255 524 456 564 Lallemand,
476 523 586 555 nullus
603 523 695 554 datur
716 534 820 562 casus,
845 524 878 553 in
897 534 961 565 quo
982 534 1095 565 corpus
1118 523 1261 553 striatum
1284 534 1346 553 non
1373 522 1514 552 morbide

190 578 353 609 adfectum
385 577 483 609 fuerit
507 578 677 608 inventum
704 577 737 606 in
762 576 860 607 latere
884 576 1051 618 opposito,
1078 576 1137 617 ipsi
1167 575 1301 618 paralysi
1334 574 1514 606 unilaterali

189 631 407 663 membrorum
438 631 638 672 superiorum
667 636 699 660 et
726 630 926 660 inferiorum.
959 629 1048 672 Saepe
1077 630 1171 660 etiam
1203 627 1366 659 colliculus
1391 628 1513 669 opticus

187 684 331 728 ejusdem
363 684 468 715 lateris
498 682 686 714 simultane&
711 694 785 714 cum
811 694 941 726 corpore
966 684 1074 714 striato
1103 683 1194 713 laesus
1220 682 1336 712 fuerat.
1364 680 1510 711 Valsalva

188 737 428 776 animadvertit,
451 736 536 779 quod
558 743 626 779 post
651 736 877 779 hemiplegiam
898 737 1003 768 lateris
1025 737 1141 767 sinistri
1162 747 1198 767 ac
1218 736 1438 778 caligationem
1458 736 1511 765 in—

186 791 418 822 termittentem
439 790 523 821 oculi
547 790 690 833 ejusdem
710 790 831 830 lateris,
850 790 933 821 laesio
952 790 1058 821 sedem
1083 802 1172 821 suam
1189 790 1349 832 praecipue
1375 788 1510 819 habebat

185 843 220 875 'm
239 844 385 875 colhculo
406 844 509 886 optico
531 843 642 874 dextro
662 843 720 885 (1).

228 898 305 929 Post
329 898 470 929 laesiones
500 898 597 940 partis
625 897 764 929 dimidiae
791 898 940 929 medullae
963 898 1112 940 spinalis,
1142 898 1175 928 in
1201 896 1323 928 viciniis
1346 895 1509 925 foraminis

184 950 311 994 majoris
333 951 522 994 occipitalis,
548 957 580 982 et
600 957 670 993 post
689 950 760 982 illas
778 952 875 982 totius
896 951 1061 990 medullae,
1084 951 1149 983 sive
1171 950 1205 980 in
1224 948 1449 991 experimentis
1469 946 1509 978 de

183 1003 339 1034 industria
366 1005 401 1034 in
424 1005 504 1035 vivis
526 1003 717 1035 animalibus
738 1004 912 1042 institutis,
939 1005 1004 1034 sive
1028 1005 1062 1033 in
1088 1001 1326 1033 alterationibus
1354 1000 1509 1042 organicis

184 1056 433 1087 accidentalibus
453 1056 540 1098 apud
562 1056 744 1094 hominem,
768 1066 935 1097 nunquam
961 1055 1133 1086 observatae
1154 1054 1289 1085 fuerunt
1308 1053 1508 1094 hemiplegiae

182 1110 243 1141 nisi
265 1111 299 1140 in
325 1109 435 1141 eodem
456 1109 571 1147 latere,
592 1109 639 1152 (2)
661 1114 794 1151 excepto
813 1109 895 1139 forte
917 1108 972 1139 illo
997 1119 1072 1139 casu
1089 1119 1108 1138 a
1129 1107 1168 1138 cl.
1192 1105 1300 1137 Portal
1322 1105 1420 1136 relato
1442 1104 1506 1146 (3),

181 1162 238 1194 ubi
261 1162 390 1194 dimidia
416 1174 487 1206 pars
509 1163 633 1194 sinistra
666 1162 817 1194 medullae
841 1162 990 1205 spinaliS‚
1021 1162 1055 1192 in
1079 1161 1210 1193 homine
1239 1165 1308 1202 post
1338 1158 1506 1201 paralysim

182 1216 284 1248 cruris
304 1216 407 1248 dextri
428 1215 559 1255 denam,
579 1215 704 1247 mollior
721 1227 816 1259 quam
837 1216 960 1247 sinistra
980 1215 1044 1246 fuit
1061 1215 1202 1246 inventa.
1220 1212 1282 1243 Sed
1300 1211 1505 1243 memorabile

182 1275 243 1310 est,
256 1269 342 1313 quod
363 1270 458 1301 etiam
476 1269 684 1301 inflammatio
704 1269 814 1301 ambas
824 1275 928 1312 partes
945 1269 1089 1301 dimidias
1104 1269 1293 1310 meningum
1308 1272 1341 1297 et
1355 1265 1504 1297 medullae

181 1323 401 1366 corripuisset;
421 1324 466 1354 ita
482 1328 518 1354 ut
539 1334 578 1354 ex
598 1323 654 1354 illo
672 1334 746 1355 casu
766 1323 849 1355 nihil
868 1323 1014 1355 absolute·
1030 1322 1180 1354 concludi
1198 1321 1304 1364 possit.

225 1376 273 1408 CL
301 1376 456 1408 Flourens
479 1376 603 1407 eximiis
630 1377 695 1408 suis
724 1378 949 1420 experimentis
981 1376 1197 1420 comprobavit
1221 1374 1260 1406 ad
1288 1385 1364 1417 qnas
1399 1378 1504 1415 partes

180 1430 312 1462 effectus
330 1430 469 1461 directus
486 1429 658 1470 limitetur,
675 1436 707 1461 et
724 1437 835 1462 utrum
850 1431 985 1463 effectus
1001 1431 1183 1462 decussatus
1203 1439 1269 1459 sese
1289 1425 1440 1458 extendat
1463 1422 1502 1455 ac‘l

178 1489 282 1516 totum
304 1489 438 1526 systema
461 1494 617 1515 nerveum
636 1495 696 1515 nec
714 1496 766 1516 ne.
793 1485 831 1516 In
854 1485 1007 1517 Columba
1030 1483 1204 1516 denudavit
1223 1478 1501 1512 intumescent'fflffl

177 1537 388 1568 medullarem
408 1538 611 1579 posteriorem
631 1537 694 1580 (4);
718 1538 834 1570 deinde
851 1540 987 1571 vicissim
1004 1538 1142 1569 irritavit
1159 1542 1191 1567 et
1210 1547 1227 1566 a
1243 1546 1275 1566 se
1291 1533 1429 1565 invicem
1449 1542 1500 1562 se—

179 1591 322 1634 gregavit
335 1590 423 1622 binas
439 1590 583 1623 dimidias
598 1597 704 1634 partes
717 1591 861 1624 laterales
873 1592 971 1636 hujus
984 1589 1250 1624 intumescentiae.
1267 1588 1354 1619 Dum
1369 1584 1499 1617 dimidia

177 1655 249 1687 pars
273 1643 410 1675 lateralis
430 1644 542 1675 dextra
561 1644 757 1685 irritabatur,
777 1646 997 1678 convulsiones
1017 1647 1050 1676 in
1073 1654 1167 1676 crure
1187 1643 1297 1674 dextro
1318 1644 1498 1672 constanter

177 1697 375 1737 oriebarntur3
398 1703 429 1728 et
449 1698 617 1729 irritationi
638 1699 670 1728 in
695 1698 857 1730 dimidiam
881 1705 1003 1741 partem
1023 1697 1186 1729 lateralem
1207 1696 1364 1726 sinistram
1384 1692 1495 1730 illatae,

177 1761 300 1793 semper
329 1749 540 1783 succedebant
568 1751 788 1783 convulsiones
817 1752 918 1784 cruris
945 1753 1072 1783 sinistri.
1105 1750 1298 1782 Irritationes
1321 1747 1356 1779 in
1385 1751 1494 1777 centro

237 1874 269 1904 (ι)
286 1874 426 1904 Morgagni,
445 1874 514 1904 epist.
535 1876 575 1903 13,
595 1883 649 1906 pag.
668 1875 720 1906 494.

237 1914 269 1944 (ιγ)
285 1914 403 1942 Galenus,
421 1914 449 1937 de
467 1919 534 1939 anat.
549 1915 687 1944 administ.,
703 1916 747 1938 lib.
765 1916 791 1944 8,
808 1920 864 1939 sect.
879 1917 901 1939 6.
918 1916 1082 1945 Hastam-loco
1095 1914 1182 1942 citato,
1199 1920 1251 1944 pag.
1270 1911 1321 1934 534.
1337 1909 1497 1933 ΑιἸιειϊιῆιιῐιι

175 1954 228 1979 loco
246 1954 334 1981 citato,
352 1961 406 1984 pag.
424 1955 474 1983 175.
496 1955 610 1986 Yelloly,
628 1955 680 1978 loco
695 1956 768 1978 citato
786 1957 836 1986 198.

236 1994 268 2023 (5)
285 1993 358 2015 Cours
373 1993 517 2016 d‘auatomie
533 1995 610 2024 med„
630 1999 647 2018 t.
663 1996 690 2025 4,
708 2003 761 2028 pag.
781 1997 831 2020 116.

236 2033 273 2064 (4,)-
285 2033 347 2056 Loco
362 2033 448 2060 eitam,
466 2041 518 2067 pag.
540 2043 589 2058 112.
