1809 2469
778 229 891 271 (63)

173 305 270 342 patet.
300 300 331 330 Si
352 301 450 343 igitur
470 307 621 343 praeterea
642 301 750 332 vacuis
775 303 931 342 prismatis
957 306 1101 346 octogoni
1126 308 1352 349 superficiebus
1373 318 1404 342 et
1424 324 1493 343 am-

173 352 272 383 bobus
296 353 379 383 tubis
399 353 595 392 lateralibus,
622 360 658 384 ut
678 353 913 395 exploratorum
935 357 1018 387 vices
1040 365 1208 401 praestent,
1233 373 1353 394 annexa
1371 364 1492 396 fuerint

172 406 338 448 telescopia
361 407 498 449 reliqua,
523 407 750 437 Hevelianum
771 407 890 438 scilicet
914 415 1010 451 atque
1032 412 1317 454 Huygenianzcm‚
1352 428 1410 447 nec
1427 430 1490 449 non

177 459 423 496 Galiloeanum,
446 459 688 500 Keplerianztm
703 465 798 501 atque
813 461 1078 502 Schyrloeanum,
1100 465 1217 506 (quod,
1239 474 1354 508 praeter
1373 471 1490 502 vitrum

174 512 366 554 objectivum
388 512 538 553 vulgare,
565 513 659 543 etiam
687 513 907 545 achromatico
935 515 1047 547 instrui
1073 519 1196 558 potest)
1225 521 1347 562 singula
1374 533 1492 554 couve—

174 566 282 595 niente
305 565 396 595 modo
425 565 589 607 disposita,
616 565 746 596 evidens
772 573 838 606 est,
864 568 898 598 in
925 568 984 599 hoc
1007 570 1218 602 instrumento
1244 584 1352 605 revera
1382 578 1491 607 onmia

173 618 259 648 uniri
282 617 447 659 telescopia
476 618 541 648 huc
569 629 671 660 usque
699 620 842 661 cognita,
871 631 934 651 non
959 622 1179 664 cataclioptrica
1212 630 1358 665 tantum,
1385 628 1437 658 sed
1461 635 1493 659 et

173 670 339 711 dioptrica‚
365 669 511 712 illudque
532 670 665 713 proinde
690 670 761 713 jure
783 683 818 702 ac
843 674 955 704 merito
986 674 1146 718 telescopii
1174 678 1374 709 universalis
1399 681 1492 713 titulo

171 723 384 753 condecorari.

215 784 404 827 Huiusmodi
425 784 630 827 telescopium
650 787 829 818 universale
849 789 993 830 proxime
1011 793 1260 824 construendum
1278 805 1390 826 curare
1412 797 1491 828 mihi

172 839 337 880 proposui,
364 837 455 880 cujus
476 845 562 869 tanto
583 839 744 870 ardentius
767 852 817 871 me
842 843 926 884 cepit
949 842 1157 882 desiderium,
1183 852 1303 887 quanto
1328 849 1424 890 magis
1446 856 1492 880 est

173 890 359 932 multiplex,
381 890 443 921 late
464 897 573 933 patens
594 898 626 922 et
645 894 770 935 egregia
792 905 885 936 opera
904 896 1064 938 telescopii
1084 898 1302 936 Rienksiani,
1326 901 1358 930 in
1380 902 1493 934 scholis

171 943 308 986 physicis
328 943 389 986 jam
412 955 525 975 novem
544 955 700 975 annorum
723 957 783 977 usu
807 947 884 977 mihi
906 948 1116 990 comprobata.
1140 950 1244 994 Hujus
1266 959 1372 984 autem
1396 957 1493 986 nostri

171 1001 339 1036 apparatus
363 1007 457 1026 usum
482 996 583 1027 multo
609 997 703 1028 latius
725 1005 854 1040 patere,
879 1011 974 1031 nemo
999 1009 1085 1033 certe
1106 1009 1174 1042 est,
1205 1005 1261 1046 qui
1292 1017 1355 1036 non
1377 1008 1490 1039 videat.

170 1048 302 1090 Quippe
323 1048 383 1079 hoc
402 1048 465 1079 solo
486 1050 591 1080 omnia
611 1061 663 1089 ea,
686 1062 757 1093 quae
779 1052 811 1082 in
830 1053 1004 1095 telescopiis
1024 1061 1087 1086 tam
1109 1056 1270 1098 dioptricis
1290 1069 1385 1100 quam
1407 1067 1493 1092 cata—

170 1099 350 1142 dioptricis‚
380 1101 432 1133 vel
453 1103 580 1132 seorsim
600 1105 762 1144 spectatis,
788 1105 839 1137 vel
859 1105 943 1137 inter
963 1119 994 1138 se
1015 1108 1150 1148 collatis,
1175 1110 1255 1140 circa
1280 1112 1492 1154 conditiones,

171 1165 186 1183 a
216 1153 333 1195 quibus
357 1155 403 1186 vis
427 1155 641 1196 amplificans,
673 1156 796 1188 claritas
823 1164 855 1189 et
881 1160 1090 1191 minutissima
1119 1161 1335 1205 distinguendi
1359 1165 1493 1197 facilitas

170 1207 308 1236 maxime
332 1207 492 1248 pendent,
523 1207 629 1238 adhuc
654 1209 792 1240 tenebris
817 1211 959 1243 involuta
985 1212 1168 1256 jacuerant,
1196 1215 1282 1246 facili
1306 1219 1433 1260 negotio
1458 1220 1492 1250 in

170 1258 313 1300 apricum
341 1259 475 1300 proferri
501 1270 610 1301 posse,
643 1262 803 1303 praecipue
833 1265 858 1293 si
886 1265 996 1295 eadem
1027 1268 1170 1308 capiatur
1204 1268 1350 1300 distantia
1384 1271 1493 1302 focalis

168 1309 263 1340 lentis
280 1309 442 1352 objectivae
460 1311 494 1341 in
515 1311 676 1354 dioptricis
694 1319 727 1344 et
744 1315 864 1356 speculi
885 1316 1010 1360 majoris
1029 1320 1061 1349 in
1083 1320 1328 1362 catadioptricis‚
1351 1334 1389 1353 ex
1408 1335 1494 1366 prae-

169 1361 260 1393 dictis
285 1363 486 1395 manifestum
517 1370 573 1395 est.
609 1366 746 1397 Proinde
770 1368 866 1399 etiam
893 1370 1028 1401 artifices
1056 1383 1072 1401 a
1096 1373 1260 1415 principiis
1285 1376 1395 1416 opticis
1420 1378 1492 1407 satis

168 1415 339 1446 instructos
357 1427 421 1446 non
446 1422 570 1448 tantum
593 1429 696 1460 operae
716 1421 855 1462 pretium
877 1422 1032 1463 facturos,
1057 1425 1111 1456 sed
1130 1431 1162 1456 et
1181 1427 1244 1457 suis
1262 1429 1380 1469 pariter
1399 1430 1493 1466 rebus

168 1472 264 1510 atque
288 1468 444 1500 universae
466 1469 589 1511 Opticae
610 1471 815 1504 incrementis
834 1473 916 1506 bene
938 1477 1137 1508 consulturos
1157 1480 1295 1519 confido,
1327 1482 1351 1512 si
1374 1483 1407 1512 in
1432 1483 1492 1515 hoc

169 1526 324 1562 apparatu
356 1522 551 1553 conficiendo
580 1529 740 1556 strenuam
766 1538 893 1569 operam
913 1540 1030 1561 navare
1055 1533 1267 1575 susceperint,
1290 1535 1410 1578 quippe
1428 1548 1492 1579 quo

169 1573 203 1602 in
222 1578 312 1614 parte
336 1573 490 1616 Phycices
512 1577 614 1618 optica
641 1578 693 1608 vix
714 1578 795 1610 alius
815 1581 983 1624 quisquam
1004 1583 1141 1615 inveniri
1161 1586 1258 1627 possit
1279 1595 1492 1620 armamenta-

169 1626 223 1655 riis
243 1625 380 1668 physicis
401 1628 504 1669 magis
524 1628 748 1662 desiderabilis.

214 1687 295 1718 Cum
317 1690 438 1728 omnia,
467 1701 539 1732 quae
565 1693 766 1734 praecedunt‚
791 1695 880 1737 prelo
905 1695 967 1739 jam
992 1700 1153 1730 commissa
1179 1707 1297 1741 essent,
1324 1714 1397 1734 casu
1423 1704 1491 1736 for-

170 1741 250 1771 tuito
270 1747 303 1772 et
332 1741 419 1773 aliud
444 1743 619 1787 quidquam
645 1757 789 1789 quaerens
813 1749 910 1780 incidi
940 1751 974 1782 in
1002 1751 1109 1783 locum
1135 1753 1308 1785 Machinae
1339 1756 1490 1788 Caelestis

169 1793 369 1825 Hevelianoe
392 1796 437 1838 (³⁶)
461 1808 528 1828 non
551 1803 675 1830 tantum
702 1811 760 1842 per
782 1812 814 1832 se
836 1803 908 1833 satis
930 1805 1164 1836 memorabilem
1178 1830 1186 1846 ‚
1216 1807 1270 1838 sed
1303 1808 1400 1848 mihi,
1429 1809 1490 1841 hoc

169 1846 367 1888 potissimum
390 1854 548 1891 tempore,
584 1851 678 1895 longe
713 1856 998 1898 exoptatissimum,
1025 1865 1057 1889 et
1083 1870 1178 1901 quem
1203 1871 1369 1904 nunquam
1396 1869 1487 1895 antea

170 1909 221 1930 me
246 1898 357 1943 legisse
382 1904 522 1935 memini.
570 1904 636 1944 Qui
661 1918 735 1939 cum
765 1909 930 1942 evidenter
956 1912 1121 1943 confirmet
1145 1923 1201 1953 ea,
1227 1925 1298 1956 quae
1323 1926 1418 1957 supra
1448 1916 1487 1948 de

179 1972 1486 1994 ——M

214 2010 258 2039 (*)
275 2009 304 2032 P.
327 2012 349 2034 Ι.
372 2012 482 2044 Gedani,
505 2015 573 2046 1673.

1160 2065 1182 2096 9
