1809 2469
896 200 1007 242 (³38)

297 281 347 309 xis
371 277 564 320 amplificans
590 274 687 318 hujus
711 272 871 314 telescopii
897 271 1128 302 determinatur
1154 277 1251 312 quoto
1277 271 1437 302 dixisionis
1460 271 1615 302 distantiae

297 331 404 362 l'ocalis
425 328 545 372 speculi
566 327 691 370 majoris
712 337 769 368 per
791 325 970 356 distantiam
996 323 1130 354 focalem
1150 323 1244 354 lentis
1269 323 1415 354 ocularis.

334 384 385 414 >Ex
400 383 447 413 his
463 380 609 412 omnibus
632 379 836 410 manifestum
854 383 915 416 est,
932 376 1137 418 telescopium
1153 376 1411 407 Newtoniamcm
1426 387 1499 407 cum
1517 382 1618 407 astro—

294 437 418 467 nomico
442 446 465 465 s.
491 434 696 475 Kepleriano
722 432 861 474 partium
890 429 1094 460 adornatione
1119 430 1248 460 omnino
1270 429 1451 460 convenire.
1478 429 1525 459 Ut
1544 440 1617 460 vero

293 492 388 520 etiam
416 487 548 519 effectus
573 487 741 528 utriusque
764 484 973 521 conveniant,
999 482 1175 524 requiritur
1196 488 1233 513 ut
1252 482 1432 524 posterioris
1453 481 1619 524 longitudo

295 544 362 573 fere
387 540 566 584 quadruplo
587 545 619 570 et
641 536 809 581 vigecuplo
831 536 930 579 major
950 536 990 566 sit
1014 535 1214 577 longitudine
1235 536 1358 578 prioris

338 596 488 626 Ceterum
516 593 722 634 telescopium
751 590 991 631 Gregorianum
1016 599 1033 619 a
1058 589 1279 619 Netvtoniano
1303 594 1474 631 superatur
1498 594 1531 619 et
1553 587 1621 619 c‘la-

295 650 388 679 ritate
412 653 444 678 et
471 646 623 677 facilitate
653 643 774 687 objecta
806 642 1044 684 distinguendi,
1076 641 1162 672 unde
1187 643 1242 681 fit,
1274 648 1312 673 ut
1337 642 1493 684 posterius
1523 642 1621 684 priori

296 712 421 743 semper
431 700 620 742 praeferatur
629 721 637 736 ,
652 698 677 728 si
688 696 727 727 de
738 694 1008 727 observationibus
1021 695 1237 725 astronomicis
1249 694 1410 736 capiendis
1425 695 1556 736 quaestio
1569 695 1619 725 sit.

339 753 493 794 Quisquis
517 762 570 789 ea,
603 760 674 791 quae
698 749 866 790 hucusque
893 748 932 778 de
954 747 1115 788 telescopii
1145 747 1344 788 Gregoriani
1367 752 1463 788 atque
1484 747 1622 777 Newto-

296 807 391 838 niani
411 804 646 836 constructione
670 802 810 844 exposita
838 801 974 832 fuerunt
1000 811 1039 831 ex
1062 800 1138 841 ipsis
1161 799 1302 830 fontibus
1326 799 1459 839 hausta,
1485 805 1624 831 attentus

296 859 484 903 perlegerit,
508 856 555 887 illi
577 856 630 887 vix
651 854 802 886 credibile
819 853 998 892 videbitur,
1019 853 1117 884 fuisse
1138 858 1299 892 auctores,
1318 859 1351 884 et
1370 853 1454 884 inter
1468 853 1525 884 hos
1542 854 1625 884 viros

296 912 418 944 meritis
443 909 648 952 conspicuos,
677 908 733 950 qui
759 906 918 944 dicerent,
954 905 1149 947 Gregoriam
1172 906 1388 936 emendavisse
1416 906 1621 948 telescopium

296 964 555 997 Newtonianum
580 960 763 992 introducto
783 961 815 990 in
837 959 907 990 tubi
927 965 1049 1001 partem
1074 959 1264 989 anteriorem
1290 959 1419 1000 speculo
1435 971 1533 1001 parvo
1558 959 1625 990 col-

298 1019 432 1055 lectivo,
462 1014 573 1058 majori
596 1013 763 1056 parallelo,
789 1012 952 1054 hujusque
979 1012 1158 1054 superficiei
1186 1011 1342 1053 laevigatae
1365 1011 1511 1051 obverso,
1539 1012 1625 1054 quod

298 1083 373 1102 cum
395 1069 485 1106 lucro
506 1069 589 1099 xices
607 1066 751 1108 expleret
771 1065 893 1107 speculi
912 1065 1002 1106 parvi
1024 1064 1111 1106 plani
1132 1064 1260 1106 oblique
1281 1065 1455 1095 constituti.
1478 1065 1623 1107 Quippe,

298 1131 335 1155 ut
356 1122 437 1153 nihil
458 1121 600 1152 dicamus
622 1119 661 1149 de
682 1118 832 1160 palpabili
856 1117 1114 1156 anachronismo,
1140 1117 1174 1147 in
1195 1128 1292 1159 quem
1317 1117 1385 1148 haec
1410 1118 1518 1159 opinio
1542 1119 1626 1149 inci-

300 1177 367 1215 dit,
395 1175 449 1206 illa
473 1185 490 1205 e
511 1173 664 1204 diametro
690 1171 830 1213 opposita
856 1176 902 1201 est
926 1171 980 1209 iis,
1007 1181 1081 1212 ,quae
1105 1169 1144 1200 de
1170 1176 1307 1212 utroque
1330 1170 1500 1213 telescopio
1527 1182 1622 1213 supra

300 1230 384 1260 dicta
403 1233 495 1265 sunt,
516 1231 548 1256 et
568 1230 720 1267 praeterea
741 1223 927 1254 confutatur
945 1223 1090 1254 unanimi
1111 1233 1266 1254 consensu
1280 1222 1532 1255 britannicorum
1549 1235 1627 1255 auc—-

301 1289 407 1312 torum
433 1279 472 1310 de
492 1278 587 1309 rebus
609 1277 731 1319 opticis.

344 1335 412 1372 Sic,
433 1333 482 1364 uti
498 1342 592 1373 supra
609 1329 821 1369 ostendimus,
844 1329 1023 1371 Gregorius
1029 1351 1041 1365 ,
1060 1339 1116 1359 sua
1134 1329 1225 1370 praxi
1243 1328 1402 1370 professus
1417 1329 1627 1371 principium,

301 1388 415 1419 nostris
438 1384 575 1415 alumnis
596 1394 613 1413 a
628 1381 717 1413 nobis
738 1381 1014 1420 commendatum,
1037 1381 1174 1411 scilicet:
1199 1381 1322 1423 quibus
1334 1383 1449 1423 prima
1466 1383 1629 1425 attingere

303 1452 368 1472 non
400 1438 553 1473 licuerit,
586 1437 621 1466 in
652 1436 806 1466 secundis
838 1435 1020 1465 subsistere
1049 1434 1201 1464 decorum
1237 1445 1330 1471 esse,
1366 1435 1433 1477 ipse
1461 1435 1629 1466 consilium

305 1493 407 1531 dedit,
428 1492 461 1521 in
478 1489 655 1531 Catoptrica
670 1489 883 1529 portionibus
903 1489 1076 1529 sphaericis
1100 1488 1231 1524 utendi,
1257 1488 1401 1518 lentibus
1424 1500 1464 1519 ac
1484 1490 1628 1530 speculis

307 1556 430 1576 conlcls
453 1554 517 1573 non
539 1553 717 1572 concess-ts.

351 1599 391 1628 Et
419 1597 601 1627 Newtomts
612 1617 624 1631 ‚
652 1594 812 1625 referente
837 1594 1018 1637 Priestlejo
1039 1594 1101 1636 (²4),
1131 1605 1168 1624 eo
1191 1594 1328 1624 maxime
1354 1605 1447 1636 scopo
1472 1596 1630 1637 proposito

307 1652 427 1695 potitus
448 1655 511 1688 est,
538 1647 641 1690 quod,
676 1647 736 1677 hoc
765 1647 916 1689 Gregorii
937 1647 1105 1678 consilium
1126 1652 1272 1686 secutus,
1299 1647 1502 1689 speculorum
1527 1649 1632 1690 potius

307 1703 501 1740 reflexione,
530 1711 626 1742 quam
649 1700 804 1732 vitrorum
831 1700 1022 1731 refractione
1047 1700 1115 1738 uti,
1149 1705 1181 1730 et
1211 1700 1302 1730 missa
1329 1700 1429 1741 figura
1454 1700 1631 1742 parabolica

309 1764 407 1799 atque
427 1754 581 1797 elliptica,
608 1752 791 1795 corporibus
815 1753 920 1784 solidis
939 1754 1065 1784 nonnisi
1090 1753 1256 1795 aegerrime
1280 1752 1474 1792 inducenda,
1499 1754 1533 1783 in
1555 1754 1631 1784 sim-

310 1807 493 1852 plicioribus
523 1805 689 1848 multoque
720 1806 844 1837 facilius
870 1807 1047 1838 obtinendis
1076 1807 1185 1849 figuris
1217 1806 1376 1849 sphaericis
1406 1812 1501 1849 atque
1530 1807 1632 1850 planis

311 1862 511 1904 acquiescere
536 1858 621 1901 apud
643 1859 785 1889 animum
808 1860 1016 1890 constituerit.

360 1992 392 2021 (*)
410 1990 474 2014 nist.
493 1990 586 2021 Opticae
602 1989 656 2013 Per.
674 1989 718 2013 lV.
735 1990 795 2013 Sect.
814 1991 857 2013 VI.
