1809 2469
912 213 1024 256 (32)

357 292 444 325 XIV.
473 292 510 322 ln
536 299 728 333 quocunque
755 288 884 319 demum
909 287 978 318 loco
1009 287 1048 317 sit
1076 285 1236 329 objectum
1260 286 1407 329 aliquod,
1436 287 1565 330 speculo
1593 299 1632 319 ex

313 347 442 379 adverso
468 346 605 387 positum
621 367 629 382 ,
666 352 790 384 semper
815 345 974 371 contracta
998 345 1030 370 et
1054 345 1159 370 erecta
1191 339 1276 370 illius
1301 340 1405 382 imago
1438 352 1537 383 prope
1564 347 1633 383 post

312 399 477 444 speculum
503 398 600 440 posita
627 395 779 426 cernitur.

357 452 429 483 XV.
460 450 550 481 Radii
571 447 730 492 paralleli,
752 445 790 477 ab
809 445 938 488 objectis
961 456 1115 487 perquam
1136 445 1318 488 longinquis
1337 446 1370 476 in
1390 446 1557 488 speculum
1575 459 1633 489 pa-

312 505 486 537 rabolicum
516 502 668 546 projecti,
703 500 814 531 effecta
842 498 1032 537 reflexione,
1067 509 1083 528 a
1114 498 1255 541 qualibet
1286 500 1424 530 sectione
1454 501 1633 542 superficiei

312 559 396 590 illius
420 559 453 588 in
481 568 546 587 uno
575 560 695 597 puncto
720 552 933 594 colliguntur,
967 550 1052 593 quod
1078 550 1117 581 ob
1140 552 1274 583 eandem
1298 554 1472 592 rationem,
1504 565 1575 595 quae
1599 555 1632 585 in

312 611 514 654 speculorum
532 608 757 650 sphaericorum
779 604 995 647 phaenomenis
1015 603 1107 634 allata
1128 610 1190 644 est,
1201 604 1302 647 focus
1324 605 1445 648 speculi
1463 606 1632 648 parabolici

310 670 452 697 vocatur.

354 717 428 747 Haec
457 716 502 746 vis
527 712 647 756 speculi
672 710 842 754 parabolici
866 709 1021 740 fundatur
1044 710 1161 741 virtute
1184 710 1334 752 palmaria
1361 710 1536 752 parabolae,
1569 723 1631 754 qua

311 780 419 801 omnes
441 773 550 806 rectae,
575 766 674 808 ipsius
696 764 747 794 axi
765 762 938 805 parallelae,
967 761 1045 793 dum
1066 773 1082 792 a
1105 773 1202 794 curva
1223 762 1282 793 sub
1302 763 1414 794 iisdem
1434 763 1560 806 angulis
1580 775 1633 795 re—

310 823 501 859 flectuntur,
531 821 565 850 in
593 823 714 861 puncto
739 821 873 855 coeunt,
907 814 992 857 quod
1015 826 1032 845 a
1059 815 1178 846 vertice
1207 826 1313 847 curvae
1338 815 1431 847 distat
1455 816 1631 858 quadrante

309 874 486 906 latitudinis
506 873 609 911 illius,
637 876 735 913 captae
757 870 790 900 in
810 874 895 899 recta
918 868 969 898 axi
989 878 1046 909 per
1066 867 1150 898 idem
1173 874 1331 910 punctum
1356 869 1511 901 verticali.

355 929 466 959 Omnis
499 927 598 969 igitur
627 935 740 967 opera,
771 933 867 965 quam
891 921 1098 963 telescopium
1129 920 1346 964 quodcunque
1373 922 1462 953 nobis
1485 929 1632 965 praestare

310 987 427 1025 potest,
452 980 491 1011 ad
513 980 580 1010 haec
599 978 663 1009 duo
685 981 873 1014 revocatur,
897 974 1018 1004 scilicet

355 1034 398 1076 1)
426 1038 464 1064 ut
483 1032 576 1064 lentis
599 1029 762 1073 objectivae
782 1033 838 1059 aut
855 1025 976 1069 speculi
1000 1024 1164 1070 cujusdam
1185 1027 1309 1058 actione
1329 1026 1444 1071 objecti
1464 1027 1632 1071 longinqui

310 1087 488 1118 distinctam
519 1085 635 1115 formet
658 1082 850 1125 imaginem3

352 1139 396 1181 2)
419 1145 457 1170 ut
480 1138 563 1169 hanc
585 1136 756 1178 imaginem
780 1133 892 1172 oculo,
917 1137 1074 1175 quantum
1095 1143 1152 1174 per
1174 1134 1220 1163 rei
1245 1138 1392 1164 naturam
1416 1134 1485 1166 fieri
1510 1140 1630 1177 potest,

309 1193 452 1235 proxime
476 1191 657 1228 admoveat,
682 1187 759 1218 adeo
779 1192 817 1217 ut
836 1185 974 1227 angulus
993 1185 1137 1224 visionis,
1161 1185 1292 1216 collatus
1313 1186 1380 1226 illi,
1405 1187 1464 1218 sub
1484 1199 1548 1229 quo
1573 1188 1632 1219 ob·—

307 1245 427 1288 jectum
449 1244 553 1286 ipsum
575 1241 667 1272 oculo
692 1239 779 1270 nudo
800 1243 950 1280 apparet,
975 1237 1150 1276 maximus,
1176 1238 1232 1279 qui
1256 1238 1324 1268 fieri
1347 1244 1466 1281 potest,
1492 1240 1629 1281 evadat;

308 1297 392 1339 quod
413 1296 542 1339 quidem
562 1306 578 1325 a
603 1294 689 1325 lente
707 1291 828 1323 oculari
847 1289 998 1328 efficitur,
1020 1288 1241 1332 cujuscunque
1268 1292 1339 1322 coni
1358 1291 1508 1323 luminosi
1528 1293 1630 1325 radios

307 1353 350 1381 ita
372 1349 586 1391 refringente,
607 1353 661 1386 ut,
681 1344 819 1388 trajectis
840 1342 923 1374 oculi
943 1341 1147 1382 humoribus,
1169 1343 1203 1373 in
1223 1350 1343 1385 puncto
1363 1344 1501 1386 quodam
1519 1347 1630 1377 retinae

308 1407 509 1441 concurrant,

351 1456 390 1487 A.
414 1453 669 1496 Telescopiorum
694 1451 921 1494 dioptricorum
943 1454 1006 1480 tres
1028 1455 1103 1480 sunt
1127 1450 1261 1492 species,
1283 1449 1403 1481 scilicet

350 1509 375 1539 I.
411 1509 446 1539 T.
469 1507 693 1538 Galiloeamcm
704 1505 750 1546 (²⁶)
764 1505 828 1536 sive
849 1504 1031 1540 scenicam,
1048 1502 1132 1545 (fig.
1148 1505 1177 1534 1.
1191 1504 1202 1546 )
1217 1515 1256 1534 ex
1277 1503 1363 1535 lente
1378 1503 1531 1547 objectiva
1552 1516 1629 1536 con-

306 1573 402 1601 vexa,
424 1572 497 1604 quae
513 1559 637 1602 majoris
658 1558 786 1601 sphaerae
802 1558 842 1588 sit
856 1557 972 1600 porti0,
992 1562 1023 1587 et
1042 1555 1162 1587 oculari
1178 1567 1330 1596 concava,
1349 1557 1479 1588 minoris
1499 1557 1629 1600 sphaerae

350 1674 388 1702 U)
406 1673 458 1695 Hoc
474 1673 641 1701 telescopium,
660 1669 724 1701 qnod
743 1670 772 1691 ab
789 1669 843 1691 aliis
859 1669 996 1698 frequenter
1018 1668 1091 1690 eiiam
1108 1669 1225 1691 Batavicz·
1240 1667 1289 1691 sive
1308 1669 1455 1691 Hollandici
1475 1668 1547 1690 titulo
1566 1675 1629 1690 nun-

305 1713 387 1743 cupari
403 1712 463 1734 solet
484 1712 650 1734 Galiloealmm
669 1717 753 1733 vocare
769 1717 817 1731 non
833 1708 987 1736 dubitamus,
1007 1708 1136 1738 quoniam,
1157 1712 1283 1738 postquam
1296 1707 1446 1738 Medioburgi
1463 1708 1525 1730 circa
1536 1715 1628 1730 annum

306 1752 354 1775 sere
376 1752 447 1782 1590,
466 1758 520 1773 casu
538 1750 638 1773 fortuito
656 1749 814 1779 compositum
833 1753 855 1771 et
872 1748 932 1770 circa
950 1747 1022 1770 finem
1040 1747 1098 1770 anni
1117 1747 1173 1769 1608
1191 1747 1216 1770 iu
1236 1747 1392 1770 Germaniam
1416 1747 1560 1769 translatum
1578 1746 1628 1769 sue-

306 1797 355 1820 rat,
378 1792 412 1815 ita
428 1791 524 1822 quidem
542 1795 570 1813 ut
590 1790 618 1813 de
637 1790 709 1820 primi
729 1789 861 1812 inventoris
887 1788 985 1811 nomine
1004 1792 1027 1810 et
1045 1788 1102 1811 vitae
1120 1795 1204 1818 genere
1227 1787 1293 1810 nihil
1317 1787 1375 1810 certi
1395 1786 1446 1809 erui
1465 1787 1587 1817 potuerit,
1613 1794 1627 1809 a

309 1832 415 1855 Galiloeo
431 1839 443 1854 e
463 1831 528 1861 vagis
553 1829 696 1860 quibusdam
714 1828 919 1859 peregrinantium
937 1828 965 1850 de
981 1826 1105 1850 effectibus
1122 1827 1194 1856 hujus
1216 1826 1373 1850 instrumenti
1394 1827 1586 1856 narrationibus,
1604 1833 1625 1850 a.

309 1872 364 1902 1809
387 1870 493 1895 Venetiae
511 1869 627 1900 perceptis
645 1876 687 1891 sna
705 1868 795 1899 ingenii
814 1869 839 1891 vi
858 1868 969 1898 proxima
992 1872 1061 1890 nocte
1080 1868 1221 1894 inventurn,
1250 1867 1366 1897 postridie
1384 1871 1563 1894 constructum,
1586 1873 1627 1888 sex

307 1911 390 1933 diebus
407 1915 461 1940 post
480 1910 574 1940 publice
598 1909 732 1939 expositum
752 1916 777 1930 ac
795 1908 984 1930 demonstratum
1003 1912 1027 1930 et
1047 1908 1096 1937 jam
1117 1915 1139 1930 a.
1161 1908 1217 1930 1810
1235 1907 1393 1937 descriptione
1415 1907 1482 1937 typis
1499 1907 1624 1936 impressa,

307 1958 360 1973 cum
377 1949 466 1981 insigni
482 1956 601 1972 novorum
619 1954 642 1971 et
658 1948 870 1977 admirandorum,
887 1956 939 1979 quae
956 1947 1163 1971 observationibus
1179 1947 1223 1970 illo
1240 1947 1359 1969 institutis
1372 1947 1396 1969 in
1412 1946 1477 1970 coelis
1492 1946 1625 1974 detexerat,

306 1990 413 2020 catalogo
435 1989 586 2019 divulgatum
605 1988 662 2011 fuit.
683 1988 798 2016 Proinde,
821 1988 863 2018 qui
884 1988 990 2011 Galiloeo
1014 1988 1113 2010 titulum
1130 1986 1264 2010 inventoris
1278 1986 1351 2015 hujus
1367 1985 1485 2016 telescopii
1503 1989 1625 2014 recusant,

306 2034 366 2053 certe
380 2037 429 2053 nou
449 2029 524 2060 magis
538 2028 597 2059 justi
615 2033 683 2058 sunt,
703 2036 774 2060 quani
793 2029 834 2059 qni
846 2028 997 2052 Kana-elium
1011 2026 1144 2059 phosphori
1159 2026 1310 2051 inventorem
1324 2033 1448 2057 agnoscere
1461 2029 1625 2056 gravarentur.
