1809 2469
752 247 844 291 (7)

129 326 202 360 veg.
227 317 281 349 50.
306 320 424 363 1009.)
457 317 613 352 Nonnulli
635 325 780 351 auctores
812 320 1046 355 Orchidearum
1072 323 1164 356 flores
1191 327 1374 369 spathaceos
1404 340 1463 361 vo-

127 376 222 410 cant,
250 373 395 414 quamvis
425 373 537 417 spatha
560 373 639 404 mihi
662 384 771 405 carere
799 374 961 408 videntur.
993 376 1068 409 Vid.
1098 378 1145 410 Cl.
1177 380 1289 418 Bosc,
1321 382 1461 421 Poiret‚

128 429 190 455 etc.
214 436 321 468 opera.
506 435 511 439 '

171 478 417 512 characteribus
442 480 536 511 modo
560 482 831 522 commemoratis,
856 490 1025 526 sequentes
1045 484 1162 518 addere
1185 498 1251 519 non
1271 489 1388 521 inutile
1407 489 1463 534 ju—

126 529 326 564 dicavimus:
354 532 394 564 ab
415 534 540 576 organis
562 535 775 577 generationis
800 535 1034 570 desumuntur:

169 585 311 617 Stamina
333 586 459 619 duobus
482 588 625 630 parvulis
647 588 816 620 filamentis
837 591 1039 632 innituntur,
1067 594 1261 626 extremitati
1287 601 1319 627 et
1338 597 1462 640 regioni

122 638 259 670 internae
283 641 423 683 corporis
447 642 610 674 cavernosi
633 642 744 685 pistilli
769 643 894 675 insertis
920 650 953 676 et
982 645 1062 678 duas
1085 647 1234 680 antheras
1259 649 1364 697 ovales
1390 662 1461 682 sus—

122 691 310 724 tinentibus.

166 744 323 777 Ovarium
347 746 509 788 inferum,
535 747 727 792 oblongum,
749 750 845 782 sulcis
869 758 1033 793 notatum,
1058 760 1091 785 et
1115 760 1297 787 contortum
1325 757 1461 788 sustinet

121 797 231 830 stilum
244 799 543 842 membranaceum,
559 796 751 843 concavum,
764 810 842 845 etc.;
859 806 972 849 stigma
987 818 1203 850 compressum
1215 809 1383 852 etlargum
1400 817 1457 842 est.

166 850 302 894 Capsula
324 859 372 884 est
397 853 561 898 elongata,
587 856 712 898 striata,
738 864 901 900 contorta,
933 860 1061 902 obtusa,
1089 867 1153 893 tres
1181 869 1280 894 costas
1309 863 1406 896 habet
1427 870 1459 896 et

112 900 222 936 'tribus
246 907 390 949 aperitur
414 907 537 940 loculis.

723 991 747 1034 g
791 992 848 1023 iv.

119 1070 122 1072 Δ
160 1068 247 1109 Fieri
267 1078 432 1113 interdum
455 1086 579 1124 potest,
606 1088 644 1115 ut
670 1083 826 1116 Orchides
851 1096 926 1118 cum
959 1086 1167 1132 Ophrydibus
1190 1090 1454 1132 confundantur,

116 1129 256 1174 ideoque
275 1143 342 1164 non
360 1134 477 1167 inutile
497 1142 579 1167 esset
599 1137 741 1180 phrasim
762 1139 1008 1183 differentialem
1029 1150 1062 1175 et
1080 1145 1279 1178 essentialem
1297 1146 1457 1190 cujusque

116 1185 242 1226 generis
265 1186 418 1219 indicare.

159 1235 346 1270 Posterioris
370 1242 496 1284 generis
520 1242 646 1276 criteria
673 1244 741 1277 haec
765 1253 858 1279 sunt:

158 1290 339 1323 Labellum
364 1295 571 1336 dependens,
598 1298 719 1330 subtus
743 1302 950 1341 eminatam,
976 1303 1147 1345 lobatum5
1174 1307 1289 1338 calcar
1310 1308 1453 1339 nullum.

159 1344 329 1388 Quidquid
358 1347 392 1378 in
421 1348 616 1381 Orchidibus
642 1350 845 1394 observatur,
879 1356 975 1387 etiam
1000 1357 1034 1388 in
1061 1358 1269 1402 Ophrydibus
1294 1362 1452 1401 occurrit,

113 1396 168 1429 sed
192 1398 320 1431 corollae
343 1400 497 1434 labellum
519 1402 630 1447 (calyx
653 1405 773 1449 Juss.)
798 1413 844 1438 est
864 1409 1027 1451 pendens,
1054 1413 1250 1453 carinatum,
1278 1420 1311 1446 et
1330 1415 1453 1447 calcare

112 1452 244 1484 omnino
269 1452 471 1487 destitutum.
498 1455 595 1488 Hicce
617 1457 762 1491 defectus
783 1460 942 1504 Ophrides
963 1464 1109 1507 inprimis
1129 1465 1270 1498 denotat.

726 1568 749 1611 g
792 1569 834 1600 v.

153 1645 270 1686 Quoad
294 1647 495 1682 definitiones
520 1663 714 1695 organorum
745 1655 915 1697 orchidis‚
945 1664 1090 1691 auctores
1119 1661 1153 1692 in
1179 1661 1318 1694 diversas
1344 1671 1451 1707 partes

109 1699 240 1732 abeunt.
261 1701 313 1733 Sic
332 1703 495 1736 Linnoeus
511 1712 543 1737 et
558 1719 668 1739 omnes
691 1710 748 1751 qui
772 1709 841 1754 ejus
865 1711 1005 1754 amplexi
1024 1719 1100 1745 sunt
1124 1721 1279 1757 systema,
1297 1717 1448 1749 corollam

109 1752 201 1794 dicit,
213 1766 310 1797 quam
320 1756 461 1789 Jussieu
477 1764 641 1803 tamquam
657 1762 789 1795 calicem
801 1764 913 1806 habet3
927 1766 993 1799 Cel.
1013 1766 1225 1802 Lamarck'et
1237 1772 1449 1804 Decandolle

18 1811 22 1815 '
69 1855 75 1858 -
108 1805 187 1839 huic
210 1811 292 1851 parti
313 1812 495 1854 generalius
518 1825 636 1847 nomen
661 1817 841 1861 Perigonii
865 1820 1024 1853 dederunt
1046 1823 1115 1866 (1)3
1155 1824 1208 1856 alii
1229 1825 1277 1868 (2)
1307 1827 1450 1870 denique·

108 1869 180 1893 eam
202 1862 429 1896 Perianthum
449 1874 575 1899 vocant.
606 1870 670 1902 Alii
691 1872 788 1904 etiam
812 1875 943 1907 nomine
964 1878 1062 1919 scapi
1085 1878 1295 1922 designarunt
1321 1882 1447 1913 caulem

107 1923 182 1957 quae
201 1915 295 1948 nobis·
313 1929 390 1950 vera
411 1922 530 1952 caulis
549 1929 606 1954 e'st.
637 1924 767 1966 Plures,
795 1935 841 1959 ne·
862 1928 965 1961 dicam
989 1942 1106 1963 omnes
1120 1932 1267 1966 Botanici
1290 1935 1450 1968 tubercu-

108 1983 109 1986 ,
154 1980 246 1988 κ-,-..;«ι
279 1984 281 1988 ‹
300 1985 302 1987 >

166 2028 212 2058 (J)
228 2029 264 2052 Fi.
283 2030 316 2055 fr.
338 2039 364 2060 1,
383 2032 406 2055 3.
425 2034 479 2059 2¹45„

166 2068 209 2097 (2)
225 2069 298 2101 Bosa,
317 2071 375 2095 dict.
396 2072 481 2098 d'hist.
500 2080 567 2106 nah,
589 2082 636 2101 art.
660 2079 765 2111 Omlcis,
787 2085 805 2105 t.
824 2081 904 2113 XVI,
917 2082 1062 2109 Detervilk»
