1809 2469
851 227 964 270 (88)

245 316 422 348 nervosque
444 315 596 335 sensuum
618 315 633 334 a
656 313 688 334 se
706 302 845 334 invicem
867 301 997 332 omnino
1017 311 1082 331 esse
1106 299 1286 339 distinctos3
1313 301 1408 332 etiam
1429 301 1574 333 animad-

245 359 415 398 vertimus,
437 358 539 401 quod,
560 358 584 388 si
608 356 738 400 quidam
757 367 875 387 nervus
895 361 928 386 et
949 355 1014 385 cuti
1036 354 1132 385 simul
1152 364 1218 385 sese
1241 354 1424 393 distribuat,
1444 355 1465 385 i.
1481 365 1529 394 e.‚
1551 355 1576 386 si

245 424 309 444 una
326 411 404 443 duas
419 412 627 454 proprietates
648 415 810 448 exerceat,
833 415 929 451 atque
948 409 1048 439 motui
1072 408 1242 439 musculari
1259 407 1438 440 voluntario
1454 414 1486 439 et
1502 419 1578 439 sen—

244 465 357 495 sationi
388 463 574 506 praesideat,
607 463 688 494 illud
718 463 791 502 fiat,
823 462 897 504 quia
928 461 1090 503 duplicem
1119 461 1354 492 filamentorum
1384 472 1575 493 nerveorum

246 516 390 548 ordinem
418 518 573 556 continet,
599 527 737 558 quorum
761 516 898 558 origines
920 526 937 545 a
962 525 994 545 se
1015 515 1152 545 invicem
1178 515 1349 546 differunt:
1372 515 1474 558 quod,
1499 516 1577 547 dum

246 582 402 613 organum
418 570 576 613 quoddam
593 569 806 608 desideratur,
822 578 941 599 nervus
956 568 1010 610 qui
1031 567 1189 598 functioni
1212 568 1280 611 ejus
1297 568 1465 610 praesidere
1480 568 1580 600 debe-

245 624 316 663 bat,
347 624 442 654 etiam
474 623 564 654 desit.
599 622 764 664 Numquid
793 628 906 664 magna
933 622 1039 652 existit
1065 621 1243 652 differentia
1271 623 1354 653 inter
1383 628 1579 654 structuram

245 688 420 708 nervorum
449 677 657 707 motoriorum
685 676 862 707 ocularium
894 675 1136 714 communium,
1167 675 1223 716 qui
1253 675 1389 706 motibus
1414 677 1578 718 speciatim

247 731 463 770 destinantur,
485 736 518 761 et
532 731 615 760 inter
635 740 749 760 nervos
769 730 887 772 opticos
903 729 959 771 qui
979 739 1044 759 sese
1062 728 1101 760 ad
1117 739 1244 760 sensum
1265 730 1350 760 visus
1366 729 1578 770 distribuunt,

246 784 298 816 vel
315 785 399 814 inter
418 794 531 815 nervos
548 783 741 823 olfait-tomos,
759 783 814 826 qui
833 782 995 813 olfactioni
1016 787 1090 813 sunt
1106 781 1278 813 destinati?
1300 801 1343 807 —-
1366 784 1495 822 Quanta
1515 795 1579 815 non

247 837 355 869 existit
377 836 555 868 differentia
580 838 664 868 inter
688 848 799 868 eorum
826 842 1018 867 structuram
1031 836 1047 865 ’ἶ
1082 835 1138 866 Ille
1168 847 1235 867 sese
1268 837 1374 878 prodit
1395 837 1454 868 sub
1478 837 1579 868 forma

248 891 389 922 funiculi
417 890 584 934 cylindrici
614 891 786 921 constantis
810 901 848 921 ex
877 889 985 920 multis
1013 890 1118 932 parvis
1139 889 1323 929 filamentis,
1352 890 1410 921 sibi
1441 891 1578 922 inwcem

249 955 309 986 ope
334 943 404 974 telae
430 943 589 974 cellularis
615 944 719 975 tenuis
749 942 919 974 admodum
942 943 1104 973 connexis.
1132 942 1220 974 Alter
1242 954 1317 974 vero
1342 944 1494 987 pulposus
1516 950 1580 985 est,

249 998 396 1029 diffluens
416 997 475 1029 sub
495 997 667 1040 digitorum
687 998 863 1039 pressione,
887 1007 947 1027 nec
968 996 1066 1027 ullam
1092 995 1202 1026 fibram
1230 996 1408 1027 distinctam
1433 998 1579 1029 offerens.

250 1051 340 1082 Alter
360 1052 502 1081 nascitur
522 1061 561 1080 ex
583 1049 774 1092 pedunculis
794 1047 1004 1079 anterioribus
1020 1047 1168 1078 medullae
1191 1046 1384 1090 oblongatae3
1407 1049 1484 1080 dum
1503 1050 1583 1081 alter

249 1105 372 1147 origine
397 1103 551 1145 peculiari
571 1113 610 1133 ex
635 1101 765 1132 cerebro
785 1101 972 1143 emergitur.

295 1156 383 1196 Quid
403 1167 491 1188 nunc
516 1161 563 1186 est
581 1154 786 1197 cogitandum
807 1153 847 1184 de
870 1152 1073 1196 opinionibus
1093 1152 1221 1184 illorum
1242 1159 1427 1194 auctorum,
1452 1156 1507 1198 qui
1526 1156 1585 1188 ad-

250 1212 386 1242 mittunt
409 1220 522 1241 nervos
542 1209 626 1239 inter
644 1219 710 1239 sese
731 1219 795 1238 non
816 1207 945 1238 differre
966 1212 998 1237 et
1016 1217 1125 1237 omnes
1147 1212 1234 1249 aptos
1252 1218 1318 1238 esse
1341 1213 1379 1238 ut
1399 1208 1538 1240 motibus
1553 1215 1585 1241 et

250 1262 480 1295 sensationibus
510 1261 714 1305 praesideant,
738 1266 835 1304 prout
861 1271 928 1291 sese
954 1259 1152 1291 distribuunt
1181 1260 1220 1291 ad
1251 1272 1386 1303 organa,
1416 1273 1488 1304 quae
1513 1262 1585 1295 liaec

251 1316 447 1360 adimplendi
474 1327 566 1347 causa
589 1315 754 1346 efformata
776 1313 877 1346 sunt?
901 1320 1024 1345 certum
1047 1313 1177 1356 quidem
1206 1319 1267 1353 est,
1294 1314 1380 1357 quod
1404 1326 1541 1356 nervus,
1567 1328 1585 1347 a

251 1382 307 1402 suo
318 1381 436 1412 organo
447 1375 626 1412 separatus,
643 1379 821 1411 numquam
837 1369 933 1411 possit
948 1367 1126 1410 producere
1138 1368 1283 1399 eamdem
1295 1370 1503 1401 sensationem
1514 1395 1522 1410 ‚
1535 1370 1585 1402 vel

252 1423 387 1455 similem
410 1423 502 1462 huic,
526 1433 621 1465 quam
638 1421 817 1464 producere
830 1422 977 1462 deberet,
999 1421 1076 1452 dum
1097 1421 1130 1452 in
1149 1421 1210 1452 hoc
1225 1433 1380 1464 organum
1398 1422 1586 1455 distributus

253 1483 314 1514 est3
328 1475 478 1519 quodque
490 1486 608 1507 nervus
619 1475 779 1518 singulus,
791 1481 827 1506 ut
835 1486 924 1506 suam
937 1475 1137 1506 functionem
1149 1474 1323 1518 adimplere
1333 1476 1444 1518 possit,
1456 1478 1586 1508 confor-

253 1531 333 1562 mari
349 1529 476 1569 debeat,
490 1530 596 1572 prouti
612 1541 700 1572 pars,
717 1540 788 1572 quae
804 1530 906 1572 ipsum
925 1530 1054 1572 recipit,
1067 1529 1122 1559 illo
1134 1528 1272 1572 indiget5
1289 1535 1321 1560 et
1336 1535 1422 1561 certe
1432 1531 1457 1561 si
1468 1542 1586 1563 nervus

254 1584 378 1627 opticus
401 1582 625 1626 sejungeretur
649 1594 664 1613 a
692 1588 782 1624 parte
805 1582 963 1613 anteriore
983 1581 1072 1612 bulbi
1093 1581 1244 1621 ocularis,
1267 1582 1310 1612 ita
1333 1588 1369 1613 ut
1389 1594 1464 1614 cum
1484 1584 1586 1615 retina

254 1648 320 1668 nou
343 1635 480 1679 amplius
509 1637 542 1666 in
564 1637 685 1666 ratione
716 1641 907 1678 poneretur,
932 1641 1017 1666 certe
1038 1636 1165 1666 visionis
1191 1637 1401 1667 sensationem
1424 1648 1489 1667 non
1517 1649 1587 1668 am-

254 1690 340 1732 plius
374 1689 575 1732 produceret.
604 1689 636 1719 Si
668 1694 775 1720 mente
803 1687 923 1719 scilicet
948 1699 1085 1719 nervum
1116 1688 1315 1731 patheticum
1351 1690 1418 1721 sive
1447 1689 1587 1732 aliquem

257 1743 356 1774 alium
382 1754 519 1775 nervum
547 1744 735 1783 motorium,
771 1743 863 1774 nervi
891 1743 987 1784 optici
1018 1742 1088 1772 loco
1117 1741 1366 1781 substituamus,
1393 1742 1447 1773 ille
1470 1754 1588 1775 nervus

257 1808 436 1839 numquam
458 1797 557 1835 vices,
579 1795 630 1828 vel
653 1796 834 1826 functiones
853 1796 945 1826 nervi
967 1795 1064 1837 optici
1086 1794 1261 1837 adimplere
1282 1795 1408 1838 poterit.

302 1850 350 1881 Cl.
373 1849 541 1893 Magendie
563 1849 609 1891 (l)
631 1849 753 1880 ultimis
775 1849 862 1879 hisce
883 1848 1080 1891 temporibus
1102 1848 1306 1880 memorando
1324 1854 1356 1878 et
1376 1850 1493 1880 summi
1517 1861 1588 1880 rno-

259 1904 359 1935 meuti
376 1904 507 1935 invento
523 1903 605 1933 lianc
619 1902 822 1946 physiologiae
835 1909 958 1945 partem
977 1902 1195 1945 locupletavit.
1210 1902 1324 1944 Agitur
1336 1901 1374 1932 de
1386 1901 1587 1935 distinctione

320 2015 364 2044 (1)
380 2015 495 2037 Me'moire
507 2023 546 2039 sur
561 2015 675 2046 quelques
686 2015 839 2039 deltouvertes
852 2016 966 2045 Γέςεῃῑεε,
983 2016 1095 2040 relatives
1111 2023 1159 2038 aux
1176 2015 1298 2038 fonctions
1309 2014 1342 2037 du
1356 2015 1459 2045 systeme
1471 2022 1587 2038 nerveux.

258 2055 337 2083 Paris,
360 2056 423 2079 1823.
