1809 2469
770 227 882 271 (13)

209 304 246 334 In
275 303 352 334 flore
377 296 584 334 observantur
608 301 784 343 sequentia.

209 357 364 389 Ovarium
387 358 420 387 in
442 356 602 399 plerisque
625 352 794 397 generibus
817 351 970 394 europaeis
989 356 1035 382 est
1059 350 1163 381 sessile
1182 350 1241 392 (1).

211 410 441 441 Pedicellatum
467 415 574 440 autem
599 408 632 438 in
655 406 815 449 plerisque
837 405 977 435 exoticis.

213 463 417 502 Contortum,
439 462 639 504 frequentius
657 461 691 491 in
711 459 880 501 europaeis3
909 457 1070 488 interdum
1093 458 1127 487 in
1149 456 1212 487 solo
1232 455 1386 498 pedicello
1405 458 1489 487 exis-

169 517 208 547 tit
227 517 321 547 torsio
343 515 569 557 (contorsionis
582 514 679 557 hujus
701 524 824 544 causam
846 518 952 554 postea
976 510 1154 542 videbimus
1174 516 1205 541 et
1225 509 1487 552 explicabimus).

213 570 283 601 Non
312 574 507 608 contortum,
533 568 634 598 rarius
658 568 692 598 in
715 567 886 609 europaeis3
914 566 949 596 in
974 565 1103 595 exoticis
1124 563 1249 594 solitum
1270 563 1328 604 (2).

755 669 779 712 g
823 668 897 700 xv.

214 763 261 794 Ut
282 763 376 795 finem
397 763 536 795 historiae
555 761 693 793 naturali
714 761 854 804 generali
877 759 974 801 hujus
994 759 1176 802 plantarum
1201 760 1324 801 generis
1346 758 1492 800 impona-

171 827 258 856 mus,
279 816 368 847 nobis
389 816 494 847 adhuc
514 815 583 859 ejus
603 815 732 845 historia
752 814 890 845 literaria
910 813 1048 844 breviter
1070 819 1117 843 est
1137 812 1312 843 tractanda.

213 869 383 900 Veteribus
404 869 558 900 Orchides
582 869 721 911 cognitas
745 868 843 899 fuisse
866 872 1007 909 apparet.

213 922 313 953 Primi
333 922 471 952 hotanici
493 923 633 963 ipsarum
654 920 848 962 indagationi
868 918 1063 961 peculiarem
1082 929 1209 960 operam
1235 923 1412 956 naverunt,
1439 917 1493 947 sed

170 985 262 1006 aures
273 974 418 1013 illorum,
434 975 540 1004 minus
560 979 651 1004 castae
670 984 767 1015 quam
788 978 919 1010 nostrae,
936 982 1000 1002 non
1017 976 1216 1013 respuerunt:
1229 970 1358 1001 nomina
1378 969 1494 1012 quibus

170 1028 384 1058 recentiorum
413 1026 692 1068 botanophilorum
712 1025 816 1068 pudor
840 1024 1024 1055 offenditur.

211 1080 424 1115 Bauhinius,
466 1078 670 1114 Dodoneas,
709 1078 887 1114 Lobelius,
933 1077 1164 1112 Camerarius,
1211 1076 1399 1111 Vaillant,
1432 1081 1492 1105 etc.

173 1133 251 1164 adeo
271 1143 444 1163 numerum
467 1133 643 1173 specierum
670 1130 847 1161 Orchidum
871 1136 1047 1168 auxerunt,
1073 1135 1111 1160 ut
1133 1129 1276 1160 confusio
1297 1128 1371 1159 inde
1387 1134 1495 1158 exorta

171 1187 226 1225 sit,
257 1198 331 1216 nam
362 1185 522 1227 simplices
548 1184 714 1215 varietates
743 1188 822 1213 tunc
847 1183 967 1225 species
993 1182 1236 1213 constituebant.
1273 1181 1334 1212 Vel
1364 1182 1495 1211 minima

171 1239 305 1270 mutatio
328 1238 361 1268 in
386 1237 540 1279 positione
561 1237 667 1267 autin
690 1235 800 1266 ordine
827 1234 1026 1265 macularum
1052 1234 1174 1273 labelli,
1206 1235 1336 1267 minima
1362 1234 1497 1265 varietas

170 1292 281 1323 sormae
295 1290 394 1334 hujus
414 1290 512 1332 partis
534 1289 584 1321 vel
604 1288 728 1320 corollae
752 1288 948 1319 characteres
968 1293 1059 1318 erant
1078 1288 1158 1318 tanti
1181 1287 1349 1326 momenti,
1372 1293 1410 1318 ut
1425 1287 1496 1317 suf-

172 1346 304 1376 ficerent
322 1343 361 1375 ad
382 1343 543 1374 distinctas
562 1342 681 1385 species
702 1341 893 1372 formandas.
920 1341 1032 1383 Itaque
1055 1341 1149 1374 nimis
1171 1341 1362 1374 fastidiosam
1381 1340 1496 1372 harum

173 1397 364 1430 varietatum
387 1396 603 1427 recensionem
628 1394 753 1425 silentio
774 1393 1017 1437 praeteribimus.

217 1450 278 1481 Sed
301 1450 461 1480 Linnaeus
485 1449 581 1488 vixit,
607 1448 730 1490 scripsit
750 1453 783 1478 et
801 1447 858 1478 lux
878 1446 960 1477 facta
981 1452 1038 1477 est.

217 1503 347 1535 Tabulae
371 1503 437 1534 Cel.
456 1503 594 1534 Hallerz'
608 1508 704 1544 atque
722 1501 883 1543 Jaoquini
901 1499 1056 1531 Orchides
1075 1505 1198 1532 nostras·
1213 1499 1415 1532 illustrarunt
1432 1498 1495 1541 (3),

174 1557 221 1588 Cl·.
250 1558 359 1588 Olaus
387 1557 516 1587 Swartz
551 1554 703 1598 quasdam
734 1552 933 1585 difficultates
964 1553 998 1583 in
1030 1551 1152 1584 familia
1179 1551 1419 1582 Orchjdaearum
1442 1563 1497 1583 oc—

174 1616 339 1642 currentes
372 1609 444 1640 luce
473 1608 683 1646 collustravit,
712 1618 778 1637 non
808 1605 901 1637 modo
931 1606 965 1636 in
993 1605 1140 1648 operibus
1166 1604 1414 1647 generalioribus
1449 1604 1497 1646 (4)

173 1663 228 1695 sed
250 1664 346 1694 etiam
367 1663 490 1705 primus
508 1661 639 1692 habenis
654 1661 832 1692 Linnaeanis
850 1660 972 1692 solutus
991 1659 1056 1703 (5),
1080 1660 1114 1691 in
1132 1658 1359 1702 Monographia
1380 1657 1497 1689 Orchi-

176 1717 253 1749 dum
274 1728 389 1749 novam
413 1716 594 1759 genericam
614 1715 801 1747 divisionem
820 1714 995 1757 proposuit.

237 1828 281 1855 (ι)
297 1827 404 1850 Richard
421 1827 438 1849 l.
454 1827 471 1849 l.
486 1835 524 1857 29.
977 1826 1022 1854 (2)
1038 1825 1075 1847 1d.

236 1868 280 1896 (3)
296 1867 353 1889 Alb.
372 1867 455 1894 Hau„
479 1866 581 1889 historia
599 1866 702 1896 stix-pum
719 1865 851 1893 Helvetiae,
870 1866 883 1888 3
896 1872 921 1888 v.
937 1864 968 1888 1⁶⁰.
991 1865 1087 1893 Beruae,
1109 1864 1186 1894 1768„
1201 1871 1255 1888 cum
1280 1863 1318 1894 fig.
1341 1861 1499 1885 Enumeratio

177 1907 312 1931 methodica
325 1907 437 1937 stirpium
449 1907 620 1938 indegeuarum
635 1906 767 1934 Helvetiae,
780 1914 793 1928 2
804 1913 829 1929 v.
842 1905 874 1928 fo,
888 1905 955 1928 Gon.
967 1922 973 1934 ‚
993 1905 1063 1934 1742,
1081 1911 1136 1927 cum
1146 1903 1186 1935 fig.
1204 1908 1248 1926 etc.
1262 1915 1291 1920 —
1306 1902 1360 1925 Nic.
1372 1900 1481 1931 Jacquini
1491 1918 1498 1928 ,

176 1947 213 1970 Fi.
228 1951 319 1975 ausu-3
336 1947 408 1969 Horu.
423 1946 543 1974 Vindob.;
563 1946 730 1974 Miscellanea,
744 1945 804 1968 in-4.

237 1987 269 2017 (4)
285 1987 390 2014 Swartz‚
408 1994 492 2017 genera
510 1991 533 2009 et
548 1994 584 2016 sp.
603 1986 681 2017 plant.
696 1986 761 2016 1783.
780 1985 879 2009 Observ.
890 1984 940 2008 bot.
950 1991 1004 2008 cum
1012 1983 1051 2009 Pl.
1065 1982 1218 2012 1nd.occid.;
1233 1982 1270 2005 Fl.
1281 1981 1337 2004 lud.
1352 1979 1440 2009 occid.‚
1453 1984 1498 2003 ete.

177 2026 351 2056 Monographia
367 2026 515 2054 Orchidum,
538 2031 582 2049 etc.

237 2066 269 2096 (5)
285 2065 394 2089 Richard
409 2065 428 2089 l.
445 2065 463 2089 l.
481 2073 507 2096 p.
525 2067 563 2089 23.
