1809 2469
868 231 883 273 (
905 231 948 271 94
972 232 986 273 )

304 313 452 353 Denique
478 307 625 340 concludi
646 312 764 350 potest,
789 305 874 349 quod
893 305 1001 344 nervi,
1027 305 1084 347 qui
1107 315 1174 336 sese
1198 303 1350 336 musculis
1376 304 1587 344 distribuunt,

259 365 357 398 simul
380 364 470 395 nervi
498 361 671 393 motilitatis
698 366 730 391 et
758 359 941 390 sensationis
966 359 1045 398 sint3
1073 358 1150 390 dum
1175 358 1239 398 illi,
1265 358 1321 401 qui
1344 359 1411 390 cuti
1437 369 1503 390 sese
1526 359 1590 390 im—

261 424 429 462 mergunt,
453 417 620 448 videantur
643 421 768 445 tantum
791 424 856 444 esse
877 413 964 444 nervi
988 413 1181 443 sensationis.

305 473 346 503 Hi
366 471 499 503 effectus
518 469 693 512 generatim
708 468 825 510 cogniti
846 467 954 509 plures
975 466 1173 508 physiologos
1193 465 1406 504 induxerunt,
1424 471 1460 497 ut
1476 466 1589 497 crede-

262 532 335 558 rent
355 535 464 556 omnes
484 534 597 554 nervos
617 522 754 564 corporis
773 519 929 551 similibus
953 525 985 550 et
1009 518 1120 550 iisdem
1145 517 1390 561 proprietatibus
1415 529 1480 549 esse
1505 530 1589 561 prae—

261 580 357 618 ditos,
383 583 516 620 systema
541 586 695 607 nerveum
716 585 781 605 esse
802 574 835 604 in
855 572 1003 604 omnibus
1027 573 1090 604 suis
1114 572 1256 615 partibus
1280 572 1532 615 homogeneum,
1558 579 1590 603 et

260 631 489 668 differentiam,
515 639 589 672 quae
616 629 699 659 inter
723 627 905 658 functiones
930 625 1211 665 animadvertitur,
1235 625 1415 667 dependere
1440 637 1503 657 non
1530 626 1590 656 nisi

259 684 299 716 ab
322 686 389 727 ipsa
414 683 545 714 materie
566 692 758 723 organorum
779 681 812 711 in
833 679 950 722 quibus
970 679 1059 710 nervi
1085 679 1308 710 terminantur.

302 738 404 780 Supra
429 736 493 780 jam
517 735 656 767 vidimus
680 734 808 765 nullum
834 744 900 764 esse
923 732 1058 764 dubium
1073 757 1081 772 ,
1112 733 1191 775 quin
1218 743 1332 774 magna
1357 732 1471 763 existat
1495 731 1590 763 diffe-

258 792 361 823 rentia
383 792 417 821 in
435 791 500 833 ipsa
521 800 694 820 nervorum
711 787 959 830 organisatione3
980 797 1114 817 examen
1139 796 1312 817 nervorum
1333 785 1588 823 olfactoriorum,

258 846 453 888 opticorum,
477 844 726 881 acousticorum,
754 848 786 873 et
809 841 953 872 omnium
982 840 1127 878 illorum,
1151 839 1207 881 qui
1232 850 1271 870 ex
1296 839 1421 881 organis
1442 838 1589 870 cerebro-

258 898 433 941 spinalibus
455 902 647 934 nascuntur,
664 895 757 926 facile
771 905 934 938 quemque
955 894 1068 925 edocet
1085 893 1161 924 alios
1176 904 1241 924 esse
1257 892 1433 932 densiores,
1449 892 1590 935 aliosque

259 951 433 990 molliores,
454 949 507 980 alii
527 950 561 980 in
581 949 674 979 certis
694 947 770 979 locis
785 947 958 979 substantia
981 947 1082 990 grisea
1102 946 1360 986 circumdantur,
1378 947 1411 976 in
1432 945 1499 977 allis
1518 957 1590 977 cor—

258 1006 342 1048 poris
356 1004 432 1035 locis
445 1003 533 1034 fibrae
549 1001 691 1046 ejusdem
707 1002 797 1032 nervi
812 1012 878 1032 sese
889 1001 1057 1032 decussant
1071 1006 1104 1030 et
1118 1000 1334 1037 intertricant,
1351 1000 1459 1040 sicque
1475 999 1588 1037 nodos,

258 1058 387 1100 plexus,
405 1056 547 1098 ganglia,
565 1060 643 1091 etc.,
663 1053 841 1083 efformant.
863 1053 933 1083 Jam
956 1053 1048 1083 modo
1063 1051 1316 1090 observavimus,
1338 1051 1423 1092 quod
1443 1051 1588 1093 quaedam

258 1112 371 1142 existat
399 1109 479 1139 ratio
509 1108 593 1137 inter
627 1106 891 1148 organisationem
921 1105 1049 1135 illorum
1081 1115 1275 1143 nervorum,
1307 1109 1339 1134 et
1368 1105 1452 1134 inter
1477 1115 1590 1136 eorum

258 1163 455 1200 functiones,
481 1166 576 1202 atque
600 1159 812 1189 connexiones
836 1170 911 1190 cum
938 1158 1069 1190 diversis
1094 1168 1286 1200 organorum
1309 1157 1588 1199 encephalicorum

257 1216 409 1260 partibus.
439 1215 572 1255 Insuper
592 1223 666 1255 quae
688 1212 727 1243 de
752 1211 999 1254 proprietatibus
1023 1222 1213 1250 nervorum,
1240 1211 1351 1242 iisdem
1378 1212 1502 1253 organis
1523 1223 1589 1243 sese

257 1268 534 1306 distribuentium,
557 1267 721 1304 novimus,
747 1265 874 1297 abunde
898 1265 1048 1304 edocent,
1074 1264 1275 1296 differentem
1297 1264 1424 1296 illorum
1447 1265 1590 1296 functio—

257 1334 332 1354 nem
357 1321 395 1352 ab
420 1331 530 1352 eorum
556 1325 670 1350 natura
697 1319 809 1350 intima
838 1319 964 1361 potius,
994 1330 1091 1362 quam
1117 1318 1156 1349 ab
1182 1320 1248 1361 ipsa
1277 1330 1490 1361 organorum,
1519 1319 1589 1350 illos

256 1375 501 1419 accipientium,
523 1374 640 1404 natura
665 1372 857 1415 dependere.

300 1430 372 1461 Non
393 1435 501 1459 tamen
516 1425 711 1458 credendum
730 1432 793 1465 est,
815 1426 901 1468 quod
921 1427 1012 1457 nervi
1032 1425 1213 1456 functiones
1228 1436 1299 1456 suas
1319 1426 1449 1468 exsequi
1470 1427 1589 1469 possint

257 1483 375 1525 absque
409 1491 567 1511 concursu
597 1490 810 1521 organorum,
841 1479 958 1522 quibus
989 1479 1209 1519 destinantur3
1242 1479 1310 1510 haec
1339 1490 1455 1521 organa
1482 1481 1588 1511 nervis

257 1541 332 1568 sunt
352 1535 543 1572 necessaria,
565 1539 603 1564 ut
623 1534 742 1576 possint
765 1544 839 1563 cuni
867 1532 960 1563 rebus
984 1532 1123 1563 externis
1143 1533 1177 1563 iu
1198 1533 1319 1563 ratione
1345 1533 1437 1575 poni,
1464 1538 1588 1564 cetero-

258 1591 337 1633 quin
360 1589 541 1620 sunctiones
561 1598 632 1618 suas
653 1586 803 1630 speciales
824 1586 998 1629 adimplere
1019 1586 1201 1628 nequirent.

302 1644 420 1682 Nervi,
452 1642 508 1684 qui
536 1652 645 1673 versus
671 1640 778 1671 locum
808 1651 872 1671 suae
897 1639 1114 1670 destinationis
1139 1638 1295 1678 tendunt,
1324 1639 1344 1669 i.
1371 1649 1423 1678 e.,
1452 1639 1531 1669 rami
1555 1645 1588 1669 et

258 1696 374 1728 ramuli
405 1695 598 1727 divisionum
619 1704 790 1726 nervorum
818 1705 857 1724 ex
881 1692 1056 1732 radicibus,
1082 1704 1099 1723 a
1124 1697 1292 1735 systemate
1325 1691 1586 1734 cerebro—spinali

258 1748 476 1788 nascentibus,
498 1748 756 1790 provenientium
768 1771 776 1786 ,
796 1747 829 1777 in
844 1746 899 1777 sua
916 1745 1137 1776 distributione
1154 1751 1272 1776 certam
1291 1745 1459 1788 quamdam
1481 1744 1585 1787 legem

258 1809 448 1846 sequuntur.
482 1801 597 1840 Quoad
625 1812 754 1840 nervos,
782 1801 838 1842 qui
863 1799 1015 1830 musculis
1041 1810 1107 1830 sese
1130 1798 1340 1837 distribuunt,
1367 1799 1586 1840 experimenta

258 1857 424 1899 sequentia
451 1854 602 1898 probant,
626 1853 712 1896 quod
733 1854 842 1893 nervi,
866 1854 922 1895 qui
945 1853 1104 1884 musculos
1123 1853 1255 1884 ssexores
1274 1852 1429 1891 excitant,
1461 1852 1585 1884 nullam

259 1911 415 1941 actionem
445 1910 478 1939 in
509 1908 582 1950 ipsis
612 1907 829 1938 extensoribus
855 1913 1024 1938 exerceant
1049 1913 1081 1938 et
1105 1908 1174 1939 vice
1201 1918 1305 1946 versa3
1334 1906 1419 1949 quod
1448 1907 1584 1938 maxime

261 1963 410 1995 convenit
433 1972 505 1992 cnm
536 1960 664 1992 illorum
688 1960 910 1992 distributione
936 1961 1121 1992 anatomica.
1153 1961 1264 2003 Itaque
1290 1961 1507 2003 experimenta
1533 1971 1585 1991 se-

260 2017 391 2060 quentia
412 2016 546 2047 institui.
