1809 2469
775 223 886 265 (13)

168 316 321 342 astrorum
342 311 556 342 familiaritate
579 309 803 341 celeberrimus
828 309 913 340 hisce
935 311 1098 342 versiculis
1120 313 1291 354 expressit:

403 384 450 412 Me
477 394 539 412 vero
560 385 691 422 primum
714 383 809 411 dulces·
836 389 900 411 ante
923 386 1017 412 omm'a
1037 384 1151 418 Musoe,

407 434 538 470 Quarum
557 443 641 460 saera
662 433 737 470 fizro,
764 433 873 470 inqenti
889 433 1042 470 perculsus
1063 444 1174 467 amore,

403 481 574 519 Accipiunt,
601 481 716 519 eoelique
742 482 804 508 vias
825 487 853 509 et
874 481 968 509 sidera
992 488 1163 519 monstrent,

400 529 534 568 Defectus
559 530 627 558 eolis
649 531 742 557 varios
765 530 890 568 luuaeque
914 530 1022 558 labores
1037 534 1050 558 l

208 598 379 639 Postquam
405 608 479 629 vero
509 598 577 629 haec
602 599 764 629 Musarum
790 599 957 629 instructio
982 600 1131 640 accessit,
1162 600 1242 633 alius
1266 601 1367 633 oritur
1392 602 1494 634 subli-

166 660 282 690 mitatis
309 671 419 691 sensus
443 672 461 691 e
483 672 578 692 sensu
598 661 722 693 fiduciae
744 663 778 693 in
803 663 900 693 nostri
922 664 1044 705 ingenii
1064 664 1184 696 viribus
1205 666 1378 709 ponendae,
1405 668 1494 699 exci—

167 728 230 753 tato
257 725 447 755 conscientia
477 724 673 756 ineluctabili
701 726 847 757 vanitatis
871 727 972 757 omnis
1000 730 1152 769 potentiae
1177 729 1328 772 physicae.
1365 731 1493 762 Etenim

165 786 199 816 in
219 787 373 818 immenso
394 788 574 831 myriadum
597 789 711 820 solium
735 800 851 820 oceano
874 796 1018 821 nostrum
1040 802 1168 834 quoque
1186 793 1283 824 solem
1296 818 1304 833 ‚
1326 794 1394 826 aliis
1410 807 1493 826 non—

165 850 224 881 nisi
248 857 405 892 punctum
429 863 611 891 coruscans,
636 863 694 894 per
715 864 858 884 aevorum
883 854 997 884 seriem
1023 854 1148 887 devolvi
1171 858 1416 899 conspicientes,
1435 860 1494 890 sti-

164 918 292 955 patum,
323 918 438 954 praeter
463 920 658 944 cometarum
687 916 851 956 cohortes,
880 918 1033 949 comitatu
1063 920 1160 950 trium
1186 926 1218 951 et
1247 921 1360 963 viginti
1383 921 1494 963 globo-

165 986 237 1005 rum
258 987 427 1018 opacorum
440 1000 448 1016 ,
470 977 553 1008 inter
574 989 652 1020 quos
673 990 712 1009 ex
735 979 842 1011 multis
862 980 1043 1012 seculorum
1064 982 1235 1014 decadibus
1255 983 1349 1015 tellus
1364 995 1493 1027 quoque

164 1044 268 1069 nostra
286 1039 393 1070 locum
415 1051 509 1071 suum
533 1047 686 1084 occupat,
712 1054 797 1086 quae,
821 1045 956 1075 emensis
981 1045 1127 1088 pluribus
1148 1047 1366 1090 antiquiorum
1388 1054 1493 1080 trans-
1511 1080 1516 1085 ,

164 1100 390 1133 formationum
409 1103 563 1145 periodis,
584 1106 694 1146 paucis
712 1105 751 1136 ab
775 1106 850 1138 hinc
869 1107 1050 1139 seculorum
1073 1108 1244 1141 decadibus
1266 1111 1370 1142 natale
1389 1111 1491 1143 solum

165 1165 274 1205 generi
293 1164 435 1196 humano
457 1165 589 1206 obtulit,
611 1173 643 1198 et
660 1169 862 1210 paucioribus
877 1171 966 1202 initia
989 1172 1137 1204 hodierni
1157 1174 1255 1216 ipsius
1271 1175 1377 1206 cultus
1394 1175 1488 1215 vidit,

164 1225 322 1268 quomodo
342 1226 431 1257 nohis
450 1233 628 1271 temperare
649 1232 819 1272 possimus,
842 1235 1014 1275 quominus
1035 1247 1227 1278 quaeramus:
1253 1238 1331 1280 quid
1347 1245 1491 1270 nostrum

162 1294 296 1331 systema
321 1289 421 1320 solare
443 1296 489 1321 est
512 1291 662 1323 collatum
686 1295 860 1326 universo?
891 1297 979 1335 Quid
1002 1297 1095 1328 tellus
1120 1305 1225 1330 nostra
1250 1299 1362 1331 collata
1384 1308 1489 1333 nostro

163 1352 324 1394 systemati
345 1352 464 1384 solari?
488 1354 576 1393 Quid
596 1355 646 1386 vel
668 1356 766 1400 hujus
790 1364 917 1398 centro,
943 1358 976 1389 id
1001 1365 1047 1389 cst
1068 1360 1125 1391 uni
1149 1360 1205 1391 soli
1228 1368 1355 1402 nostro,
1379 1363 1490 1395 collata

163 1414 257 1446 tellus
284 1416 344 1446 erit
370 1415 474 1456 aliud,
509 1428 545 1448 ac
567 1417 772 1450 formicarum
798 1420 990 1452 colliculus?
1019 1422 1107 1461 Quid
1133 1434 1209 1455 vero
1239 1424 1347 1456 telluri
1376 1433 1490 1459 nostrae

163 1476 274 1508 collata
295 1483 342 1508 est
361 1479 469 1521 regni,
491 1479 694 1522 reipublicae,
713 1482 848 1514 civitatis
866 1483 1030 1527 cujusdam
1048 1486 1109 1517 vita
1122 1486 1138 1517 ’ἲ
1160 1487 1247 1526 Quid
1268 1487 1408 1532 denique
1427 1491 1491 1521 rei-

162 1540 301 1584 publicae
324 1541 488 1585 cujusdam
512 1544 584 1574 vitae
609 1544 718 1575 collata
744 1552 790 1575 est
813 1546 876 1577 vita
897 1546 1058 1579 hominis?
1087 1549 1175 1588 Quid
1195 1551 1324 1582 omnino
1345 1553 1378 1583 in
1396 1553 1490 1584 rebus

162 1603 312 1634 humanis
335 1615 488 1648 magnum
511 1605 573 1636 dici
600 1607 728 1648 potest?

207 1666 295 1705 Quid
317 1667 416 1710 igitur
437 1667 619 1708 habebunt,
659 1670 745 1713 quod
770 1672 981 1715 respondeant
1008 1674 1059 1706 isti
1081 1674 1224 1708 laniones
1247 1679 1369 1709 coronis
1392 1679 1488 1710 deco-

162 1729 238 1768 rati,
265 1731 322 1772 qui
344 1730 455 1762 silvam
478 1731 706 1772 humanitatis,
736 1734 908 1766 excisiones
934 1748 992 1779 per
1017 1737 1155 1770 diversos
1178 1746 1297 1771 tractus
1322 1742 1485 1781 faciendo,

163 1797 336 1824 extenuare
357 1793 423 1825 fato
441 1793 500 1825 sibi
517 1794 673 1827 tributum
692 1807 758 1827 esse
772 1804 957 1840 autumant,
979 1811 1123 1844 quosque
1142 1802 1269 1834 venales
1285 1803 1485 1836 adulatorum

162 1853 281 1897 linguae
309 1867 504 1899 magnorum
535 1860 723 1901 cognomine
754 1872 907 1894 exornare
937 1864 1116 1907 turpissima
1151 1865 1317 1898 sedulitate
1341 1868 1484 1898 certatim

161 1924 348 1960 properant,
374 1919 399 1950 si
419 1930 458 1951 ex
479 1920 541 1951 illis
561 1932 703 1964 quaeras:

362 1993 433 2030 Quoe
453 1995 514 2032 suci
533 1995 658 2024 redimas
679 1998 824 2026 hominum
847 2005 967 2028 torrente
989 2003 1119 2034 cruoris,

421 2042 497 2071 Teme
519 2044 606 2082 lquus·
621 2049 726 2084 puncti
749 2049 876 2085 frustula
898 2050 984 2088 «liqna
1003 2057 1092 2088 putas
1105 2053 1120 2079 Ρ
