1809 2469
886 228 1000 271 (W)

628 466 825 507 PARS
893 463 1262 506 SECUNDA.

740 703 905 736 CAPUT
949 703 1157 736 PRIMUM.

345 810 399 837 DE
441 808 727 838 EXISTENTIA
767 806 988 835 DUPLICIS
1028 806 1232 835 ORDINIS
1272 806 1546 837 NERVORUM.

323 922 436 953 Omnis
467 927 557 953 actus
588 922 662 953 vitae
694 926 807 952 nostrae
835 926 975 951 externae
1003 919 1042 951 ad
1069 919 1133 951 duo
1158 919 1367 962 pliaenomena
1393 919 1616 959 reducuntur⁷

278 987 396 1019 nempe
411 977 533 1007 sentire
552 982 584 1007 et
605 976 749 1013 movere,
773 986 844 1017 quae
860 974 1071 1017 phaenomena
1090 974 1124 1004 in
1140 979 1224 1005 statu
1241 973 1392 1015 perfectae
1412 974 1554 1004 sanitatis
1574 976 1617 1004 ita

278 1030 363 1061 inter
393 1040 459 1060 sese
485 1029 644 1070 ligantur,
674 1033 712 1058 nt
737 1039 841 1058 unum
869 1033 996 1057 tantum
1022 1026 1147 1057 efficere
1173 1026 1359 1065 videantur3
1390 1026 1444 1057 sed
1472 1027 1505 1057 in
1534 1033 1619 1058 statu

279 1081 480 1125 pathologico
496 1091 607 1112 eorum
623 1081 779 1123 separatio
794 1086 858 1110 tam
875 1079 1045 1121 perspicua
1060 1079 1182 1109 ratione
1194 1078 1365 1120 ah'quando
1381 1078 1488 1109 locum
1504 1079 1618 1120 habet,

279 1142 317 1167 ut
337 1145 410 1177 pars
430 1145 494 1165 uua
514 1133 652 1176 corporis
670 1138 702 1164 et
720 1132 852 1176 quidem
870 1137 975 1163 totum
994 1141 1108 1173 corpus
1123 1131 1254 1162 omnino
1272 1130 1513 1162 sensibilitatem
1528 1143 1620 1164 suam

279 1189 420 1227 amittat,
452 1186 570 1229 absque
596 1197 649 1226 eo,
676 1192 714 1217 ut
740 1185 906 1229 quidpiam
931 1184 971 1216 de
992 1195 1049 1216 sua
1078 1184 1246 1216 motilitate
1270 1184 1393 1227 perdat.
1430 1185 1470 1215 Et
1492 1185 1526 1216 in
1552 1185 1620 1217 aliis

280 1240 526 1272 circumstantiis
541 1240 638 1271 totius
650 1239 824 1271 motilitatis
834 1238 992 1284 jacturam
1008 1238 1100 1277 facit,
1113 1239 1170 1269 etsi
1186 1237 1425 1269 sensibilitatem
1441 1245 1618 1271 conservet.

325 1294 436 1333 Facta,
458 1304 531 1336 quae
553 1294 678 1336 cognita
701 1298 777 1324 sunt
798 1304 815 1323 a
838 1290 1052 1335 temporibu8‚
1075 1291 1192 1334 quibus
1208 1290 1311 1322 morbi
1331 1291 1467 1322 fuerunt
1485 1293 1620 1335 cogniti,

280 1348 378 1379 etiam
406 1357 532 1390 semper
559 1346 722 1389 objectum
750 1346 1009 1389 disquisitionum
1035 1345 1235 1378 medicorum
1263 1345 1510 1377 constituerunt.
1541 1346 1621 1378 Jure

280 1402 395 1433 merito
416 1412 455 1432 ex
476 1400 538 1431 illis
559 1400 707 1433 deductae
727 1401 863 1432 fuerunt
884 1400 1118 1439 conclusiones,
1146 1398 1233 1442 quod
1256 1399 1290 1429 in
1310 1403 1479 1441 systemate
1502 1409 1621 1431 nerveo

281 1455 419 1486 existere
440 1453 577 1485 debeant
603 1455 696 1486 nervi
718 1453 965 1493 sensationibus,
991 1459 1023 1484 et
1044 1452 1137 1485 nervi
1160 1451 1300 1483 motibus
1325 1451 1431 1482 dicati.
1464 1451 1526 1483 Sed
1547 1459 1622 1484 ante

281 1514 422 1540 nostram
444 1513 571 1539 aetatem
592 1519 699 1550 neque
717 1508 875 1539 anatomia
898 1506 1087 1545 minutiosa,
1107 1516 1215 1548 neque
1234 1504 1377 1537 laesiones
1398 1510 1468 1547 post
1484 1511 1622 1537 mortem

283 1561 472 1601 observatae,
494 1572 601 1604 neque
622 1562 843 1604 experimenta
864 1561 898 1591 in
920 1560 999 1592 vivis
1023 1559 1238 1590 animantibus
1262 1559 1425 1599 instituta,
1449 1558 1532 1590 hanc
1557 1559 1623 1591 dis-

284 1615 472 1646 tinctionem
494 1615 577 1645 inter
598 1625 712 1646 nervos
730 1614 915 1645 sensationis
933 1619 965 1644 et
985 1613 1071 1652 illos,
1089 1613 1145 1656 qui
1166 1611 1305 1643 motibus
1321 1612 1482 1644 exclusive
1501 1613 1622 1656 proprii

283 1675 376 1707 sunt,
403 1668 528 1699 efficere
556 1674 745 1711 potuerunt.
776 1668 836 1699 Sed
864 1667 950 1710 quod
977 1666 1043 1698 huc
1069 1677 1171 1708 usque
1195 1666 1284 1708 quasi
1311 1676 1376 1696 non
1403 1665 1622 1707 superandum

285 1722 393 1753 fuerat
423 1721 589 1760 habitum,
614 1721 647 1752 id
672 1733 761 1753 nunc
794 1722 946 1764 temporis
981 1721 1146 1752 constit-uit
1176 1731 1275 1751 unam
1301 1730 1342 1751 ex
1376 1719 1622 1762 simplicioribus

286 1774 508 1806 functionibus
525 1776 701 1817 systematis
720 1776 842 1807 nervei.
868 1775 988 1806 Omnes
1011 1780 1118 1805 tamen
1139 1773 1317 1816 physiologi
1339 1772 1481 1804 nondum
1504 1772 1623 1804 admit-

286 1834 377 1867 tunt,
394 1828 480 1871 quod
496 1828 615 1871 duplex
636 1839 810 1860 nervorum
831 1828 907 1860 ordo
922 1829 1053 1868 existat3
1072 1838 1132 1859 nec
1153 1828 1252 1870 magis
1270 1828 1354 1858 inter
1368 1837 1400 1856 se
1418 1826 1623 1857 consentiunt

287 1882 327 1913 de
348 1881 569 1913 functionibus
584 1892 696 1913 eorum
718 1882 918 1925 specialibus.
943 1882 1052 1924 Aliqui
1071 1881 1286 1919 contendunt,
1304 1879 1390 1922 quod
1410 1880 1501 1912 nervi
1516 1879 1623 1911 idonei

288 1936 352 1966 sint
371 1935 409 1967 ad
431 1935 638 1978 impulsiones
658 1937 932 1976 transmittendas,
953 1936 1130 1978 iisdemque
1150 1932 1397 1977 proprietatibus
1415 1944 1524 1964 omnes
1541 1944 1623 1976 gau—

290 1988 403 2020 deant:
428 1989 599 2021 nonnullas
619 2000 695 2033 ergo
722 1989 850 2022 illarum
875 1990 1064 2034 opinionum
1090 1988 1144 2020 hic
1168 1998 1334 2020 recensere
1352 1986 1534 2019 consultum
1553 1986 1622 2018 fore

291 2042 449 2074 ducimus.
