1809 2469
762 251 874 294 (33)

159 325 271 357 dorsali
302 326 436 368 figuram
466 326 568 357 crucis
597 324 722 355 similat.
755 324 880 355 Cornua
908 325 1078 366 posteriora
1107 326 1222 358 harum
1249 327 1479 359 semilunarum

158 380 300 411 molliora
318 380 448 422 reperiit
463 386 495 411 et
511 380 608 421 magis
626 377 738 416 rubra,
758 389 853 419 quam
871 384 1000 408 caeteras
1018 378 1146 410 illarum
1166 381 1341 411 sectionum
1357 387 1477 423 partes,

158 432 244 474 quod
267 432 359 464 illum
385 432 517 463 adduxit
542 438 579 463 ut
601 431 691 462 binas
716 432 897 463 admitteret
923 432 1104 463 substantiae
1129 434 1238 475 griseae
1263 435 1392 476 species.
1419 434 1481 465 Sed

160 496 234 516 cum
255 485 401 527 pluribus
421 484 589 516 minutulis
610 485 853 516 circumstantiis
876 491 1016 523 enarrat,
1042 486 1128 528 quod
1149 486 1202 516 hic
1223 486 1319 517 tubus
1342 487 1481 517 materiae

159 538 358 578 medullaris,
386 539 441 581 qui
465 538 549 569 axim
575 539 714 569 materiae
739 540 847 582 griseae
872 539 1063 578 circumdat,
1092 539 1276 570 efformetur
1301 550 1340 570 ex
1364 539 1482 570 lamina

160 591 344 631 medullari3
367 591 452 634 quod
472 591 745 633 longitudinaliter
762 598 793 623 et
809 592 917 623 multis
934 592 1054 624 vicibus
1069 604 1162 634 supra
1178 604 1210 623 se
1225 593 1330 635 ipsum
1345 592 1483 635 replice-

160 651 229 684 turg
247 644 396 687 quodque
412 644 527 675 lamina
542 645 603 686 piae
618 646 741 685 matris,
758 646 790 676 in
809 645 870 676 illis
885 646 1093 677 exterioribus
1108 646 1197 688 plicis
1215 647 1426 688 penetrantis,
1448 647 1482 676 in

160 709 253 729 causa
273 699 312 728 sit
330 709 388 729 cur
409 698 477 741 ejus
495 699 591 729 sectio
610 698 850 730 similitudinem
870 699 1022 731 fibrarum
1041 699 1233 730 radiatarum
1255 699 1378 743 induat.
1402 699 1484 730 Sunt

160 751 209 782 liae
229 751 320 793 plicae
339 751 585 794 longitudinales
600 763 685 794 quae,
705 758 742 783 ut
759 753 818 792 ait,
838 753 992 794 originem
1008 752 1168 783 dederuut
1182 752 1363 783 formationi
1378 752 1483 783 vario-

161 817 234 836 rum
256 805 433 845 sulcorum,
455 817 609 848 quorum,
634 805 675 836 ad
695 805 763 849 ejus
783 806 989 844 sententiam,
1014 816 1168 836 numerus
1192 805 1230 836 ad
1252 806 1483 848 quinquaginta

162 859 341 901 computari
360 864 463 901 potest
481 859 515 889 in
538 859 683 901 portione
704 858 850 889 cervicali
872 864 904 889 et
922 857 1059 889 lumbari
1082 858 1231 889 medullae
1250 857 1354 889 Bovis.
1380 858 1483 900 Pulpa

160 911 344 942 medullaris
358 923 429 954 quae
449 912 596 954 plicatam
613 912 695 943 hanc
712 912 928 942 membranam
945 912 1102 951 efformat,
1125 912 1190 954 ipsa
1206 911 1324 942 secedit
1343 912 1376 942 in
1392 911 1484 942 fibras

161 976 295 996 summae
325 966 488 996 tenuitatis
511 971 543 996 et
565 966 632 996 fere
658 965 716 995 sibi
738 965 918 1007 parallelas:
939 965 1098 995 filamenta
1121 965 1263 996 radicum
1289 966 1484 996 anteriorum

161 1027 333 1048 nervorum
354 1017 568 1047 numerosiora
586 1022 676 1054 sunt,
695 1017 743 1047 uti
760 1017 921 1055 novimus,
938 1028 1034 1058 quam
1055 1018 1239 1058 posteriora,
1256 1028 1316 1047 nec
1336 1018 1485 1048 medulla:

161 1069 272 1100 eodem
295 1068 388 1099 modo
408 1069 603 1099 inseruntur.
636 1068 683 1099 Cl.
705 1068 845 1100 Rolando
868 1069 968 1100 credit
988 1069 1074 1111 quod
1097 1069 1272 1109 filamenta,
1296 1081 1369 1112 quae
1392 1070 1485 1101 hasce

160 1122 280 1153 radices
290 1122 475 1161 efformant,
498 1122 768 1152 continuationem
790 1123 899 1152 sistant
915 1123 1066 1153 fibrarum
1085 1123 1329 1162 medullarium,
1351 1130 1484 1154 stratum

162 1181 332 1207 externum
351 1174 499 1206 medullae
514 1175 767 1213 efformantium3
789 1174 939 1216 quodque
956 1181 993 1205 ut
1008 1175 1047 1205 cl.
1065 1175 1136 1205 Gall
1157 1182 1188 1206 et
1205 1176 1390 1218 Spurzheim
1408 1188 1486 1207 con—

162 1228 317 1268 tendunt,
335 1228 488 1270 originem
505 1239 599 1258 suum
615 1239 677 1258 non
693 1227 812 1258 ducant
827 1238 866 1257 ex
880 1227 946 1269 ipsa
962 1227 1135 1259 substantia
1151 1229 1264 1270 grisea:
1279 1240 1349 1271 quae
1361 1231 1484 1272 opinio,

162 1282 283 1324 inquit,
300 1293 364 1312 non
384 1280 554 1324 probabilis
570 1280 696 1312 videtur
711 1292 751 1311 ex
769 1280 834 1323 ipsa
851 1280 1067 1313 observatione
1085 1294 1100 1312 a
1119 1282 1158 1312 cl.
1172 1281 1369 1313 Tiedemann
1384 1283 1484 1322 facta,

162 1335 247 1378 quod
269 1336 302 1365 in
324 1335 406 1366 foetu
430 1334 498 1365 haec
524 1334 682 1365 filamenta
709 1334 772 1378 jam
801 1335 888 1365 cerni
913 1336 1047 1376 possint,
1070 1336 1128 1365 etsi
1150 1335 1289 1369 medulla
1311 1335 1486 1366 substantia

163 1388 263 1432 grisea
277 1388 382 1419 adhuc
395 1394 499 1419 careat
511 1394 543 1419 et
554 1399 618 1418 non
629 1389 689 1418 nisi
704 1388 802 1419 fluido
813 1388 950 1431 quodam
962 1388 1122 1431 pellucido
1136 1388 1291 1431 peculiari
1302 1390 1340 1419 s'it
1353 1389 1484 1432 repleta.

207 1441 348 1473 Medulla
368 1441 496 1484 spinalis
514 1440 552 1471 ad
573 1441 760 1471 sententiam
779 1441 818 1471 cl.
837 1441 939 1484 Bailly
956 1441 1016 1483 (1),
1037 1441 1164 1473 videtur
1181 1453 1246 1472 esse
1265 1443 1359 1473 series
1379 1449 1487 1473 tumo-

163 1506 237 1526 rum
262 1495 401 1525 tnateriae
431 1495 560 1537 griseae,
589 1500 658 1524 octo
691 1493 843 1525 funiculis
873 1494 1156 1537 longitudinalibus
1190 1506 1230 1525 ex
1260 1495 1391 1525 materia
1417 1495 1485 1526 alba

163 1548 215 1580 vel
233 1547 401 1579 medullari
425 1547 655 1587 constantibus,
677 1547 957 1578 circumdatorum.
987 1548 1035 1578 Ex
1055 1548 1104 1578 his
1127 1547 1280 1578 funiculis
1301 1547 1369 1578 bini
1390 1538 1487 1590 supe-v

163 1602 261 1632 riores
284 1607 375 1639 sunt,
406 1600 472 1631 bini
495 1601 678 1639 inferiores,
706 1601 773 1632 bini
798 1602 983 1643 posteriores
1009 1607 1041 1632 et
1066 1601 1132 1632 bini
1157 1601 1317 1640 laterales,
1345 1613 1428 1632 unus
1452 1602 1486 1632 in

164 1660 302 1697 utroque
323 1654 432 1685 latere.
457 1654 559 1697 Bailly
581 1654 680 1686 credit
703 1655 789 1698 quod
809 1656 914 1686 trunci
935 1654 1100 1694 medullae,
1123 1656 1179 1697 qui
1200 1666 1239 1685 ex
1258 1654 1359 1685 canali
1380 1660 1487 1687 verte-

164 1707 244 1739 brali
272 1713 460 1750 emergunt,
486 1719 560 1739 cum
586 1707 665 1738 lobis
690 1708 856 1750 encephali
881 1709 1123 1739 continuitatem
1146 1708 1332 1747 efficientes,
1362 1708 1487 1739 easdem

166 1760 345 1803 possideant
364 1760 530 1792 facultates
549 1772 585 1791 ac
602 1761 737 1803 possidet
755 1761 983 1804 encephalum,
1006 1761 1059 1792 sed
1075 1761 1273 1793 solummodo
1293 1761 1330 1792 ad
1353 1762 1487 1804 gradum

166 1814 396 1854 obscuriorem,
413 1814 563 1857 quodque
580 1814 869 1857 singulus'illorum
884 1810 1071 1847 truncorum
1086 1827 1144 1859 pro
1163 1815 1292 1846 animali
1308 1816 1488 1858 fieripossit

166 1879 321 1911 organum
352 1868 418 1900 sive
449 1873 596 1899 centrum
628 1869 840 1911 perceptionis
873 1875 906 1900 et
934 1869 1104 1901 volitionis.
1146 1868 1193 1899 Cl.
1228 1868 1414 1900 Desmoulin
1440 1869 1487 1910 (2)

166 1927 289 1964 partem
319 1920 456 1952 mediam
480 1923 655 1964 systematis
676 1922 860 1954 medullaris
885 1923 1027 1966 spinalis,
1052 1923 1100 1954 uti
1122 1923 1156 1954 in
1178 1923 1249 1954 solis
1274 1922 1487 1953 animantibus

227 2034 396 2063 (1)Bu11etin
413 2034 537 2064 Ferusnac,
557 2036 622 2064 1824.
641 2036 691 2060 vol.
707 2044 729 2059 2.
748 2043 802 2067 pag.
822 2036 872 2067 298.

228 2076 272 2105 (ι)
289 2075 378 2098 ΒυΠεῑ.
396 2075 501 2105 Εέτιιεε,,
519 2075 568 2099 vol.
587 2084 609 2099 2.
629 2084 684 2107 pag.
702 2076 752 2107 ¹95·
1224 2087 1244 2118 5
