1809 2469
795 234 904 278 (59)

233 305 318 336 Dum
350 305 553 348 microscopio
585 306 750 337 intuemur
777 306 937 338 filamenta
963 308 1150 350 multiplicia
1180 322 1217 342 ex
1243 311 1358 355 quibus
1385 324 1502 347 nervus

189 357 360 396 formatur,
381 358 489 389 videre
509 369 674 401 possumus
693 358 744 389 illa
768 369 806 389 ex
824 359 970 401 pluribus
991 360 1111 392 fibrillis
1132 369 1287 403 constare,
1309 377 1379 408 quae
1395 368 1501 409 primo

187 410 309 441 intuitu
330 410 446 441 similes
471 417 503 442 et
521 411 725 452 homogeneae
743 421 808 442 esse
826 412 991 452 videntur,
1013 415 1117 456 quoad
1137 427 1245 448 earum
1268 417 1501 460 dispositionem

186 464 277 494 initio
297 464 455 506 parallelae
477 470 673 504 cernuntur,
699 464 753 496 sed
777 465 866 497 brevi
886 466 987 497 forma
1013 474 1153 500 contorta
1175 477 1315 512 apparet.
1344 472 1501 504 Caeterum

186 516 225 547 de
249 517 360 548 intima
378 517 699 551 harumvfibrillarum
720 523 878 549 structura
895 520 978 550 inter
998 522 1187 552 anatomicos
1206 523 1348 554 nondum
1369 531 1498 556 constat.

228 570 259 600 Si
283 571 383 612 portio
409 570 552 612 quaedam
579 572 668 601 nervi
694 571 849 602 Ischiatici
874 583 931 614 per
959 572 1126 605 duodecim
1152 575 1244 606 horas
1273 576 1306 606 in
1338 583 1498 609 menstruo

185 622 321 664 quodam
352 622 487 653 alkalino
511 624 709 663 immittitur,
744 625 791 655 uti
817 625 886 656 Reil
910 625 1154 666 demonstravit,
1180 629 1294 659 sensim
1319 631 1498 672 sensimque

182 681 293 718 sponte
313 687 369 707 sua
390 676 511 707 fibrillae
532 688 669 708 nervosae
691 689 707 708 a
727 689 759 709 se
783 679 919 710 invicem
939 686 1139 721 separantur,
1165 687 1196 711 et
1222 682 1310 723 quasi
1335 693 1352 712 e
1379 684 1498 725 vaginis

182 735 311 761 exeunt.
335 729 514 761 Substantia
535 741 606 773 quae
627 742 761 763 nervum
783 733 909 774 proprie
929 733 973 763 sic
992 732 1111 763 dictum
1129 734 1305 773 constituit,
1325 735 1497 766 involucris

181 783 246 814 suis
266 782 512 814 membranaceis
527 783 692 825 spoliatur,
714 785 755 815 ita
772 791 808 815 ut
826 785 954 816 tandem
974 785 1012 816 ad
1033 787 1226 828 principium
1244 787 1401 829 quoddam
1420 788 1496 829 pul-

180 847 291 877 posum
310 842 342 866 et
358 836 530 867 medullare
541 836 669 868 reducta
680 838 729 867 sit.
743 837 860 868 Eadem
876 838 1001 869 videtur
1017 849 1082 869 esse
1093 839 1250 880 dispositio
1261 841 1294 869 in
1306 842 1495 881 expansione

179 889 269 920 nervi
286 890 382 931 optici
400 890 433 919 in
450 890 602 928 retinam,
623 890 656 920 in
679 889 899 921 distributione
922 891 1013 922 nervi
1032 891 1204 930 olfactorii,
1227 893 1390 932 acoustici,
1410 899 1470 923 etc.
1505 888 1510 893 ”

222 941 318 972 Nulla
341 941 434 973 datur
457 948 622 973 anatomiae
642 954 713 985 pars
732 954 803 985 quae
823 943 922 974 modis
943 944 1041 985 magis
1063 945 1186 975 variatis
1203 950 1390 986 pertractata
1414 945 1493 984 fuit,

178 1005 275 1036 quam
298 995 409 1024 intima
435 1005 607 1026 nervorum
632 1001 801 1026 structura.
839 996 1080 1027 Observationes
1105 997 1323 1027 minutissimae
1348 999 1382 1027 in
1405 997 1492 1028 illam

176 1047 386 1091 indagandam
405 1047 538 1078 fuerunt
557 1048 724 1087 institutae,
745 1053 777 1078 et
789 1047 882 1078 multi
902 1048 1113 1079 observatores
1128 1058 1184 1089 pro
1201 1050 1315 1077 mentis
1326 1060 1390 1079 suae
1406 1050 1492 1080 arbi-

175 1102 235 1132 trio
256 1107 351 1143 atque
375 1105 592 1142 praeconcepta
617 1100 764 1141 opinione
785 1100 870 1130 illam
890 1100 995 1142 potius
1012 1100 1246 1141 depinxerunt,
1270 1112 1364 1142 quam
1383 1103 1490 1144 prouti

174 1165 284 1186 revera
299 1154 413 1184 existit.
434 1152 528 1183 Multi
548 1152 753 1183 substantiam
774 1152 964 1184 cerebralem
986 1159 1016 1183 et
1033 1164 1182 1184 nerveam
1203 1154 1312 1184 intuiti
1331 1160 1406 1185 sunt
1426 1166 1489 1186 non

173 1207 223 1238 uti
243 1207 405 1237 materiem
424 1216 497 1237 vere
515 1206 711 1247 organicam,
731 1205 784 1237 sed
805 1207 853 1237 uti
872 1207 1091 1237 mucositatem
1107 1207 1287 1238 informem.
1309 1208 1370 1238 Alii
1389 1209 1488 1250 ipsam

174 1260 386 1302 adspexerunt
406 1263 443 1289 ut
464 1257 639 1300 simplicem
662 1264 785 1289 testum
811 1258 1010 1298 cellularem,
1033 1259 1085 1290 alii
1112 1259 1211 1292 veluti
1231 1261 1411 1302 congeriem
1430 1273 1488 1292 va-

171 1324 277 1344 sorum
302 1311 373 1354 plus
393 1312 499 1342 minus
521 1312 681 1342 tenuium.
716 1311 871 1343 Nonnulli
891 1313 986 1344 etiam
1009 1313 1095 1344 illam
1121 1324 1160 1344 ex
1183 1315 1378 1356 congregatis
1403 1314 1486 1346 tubis

173 1367 331 1398 efformari
357 1365 523 1396 dixerunt:
546 1364 621 1395 dum
645 1376 753 1396 omnes
783 1365 851 1397 fere
876 1377 966 1397 suam
993 1367 1181 1398 sententiam
1205 1368 1429 1409 experimentis
1454 1373 1486 1399 et

169 1420 363 1462 inspectione
389 1418 496 1450 fulciri
522 1424 687 1449 conantur.

213 1473 320 1504 Haller
328 1472 376 1515 (1)
387 1479 552 1516 postquam
564 1472 700 1505 diversas
711 1473 888 1516 opiniones,
905 1484 975 1516 quae
991 1472 1029 1504 de
1040 1471 1099 1503 hac
1115 1483 1148 1504 re
1159 1473 1323 1515 propositae
1338 1473 1483 1513 fuerant,

168 1526 389 1569 ponderasset,
415 1536 466 1556 eas
491 1536 555 1556 non
582 1526 642 1556 nisi
666 1537 818 1558 vanarum
845 1526 1100 1569 conjecturarum
1130 1526 1232 1568 proles
1256 1537 1321 1557 esse
1343 1527 1484 1568 ingenue

167 1580 296 1610 fatetur.
324 1579 472 1609 Attamen
496 1578 644 1621 amplecti
665 1580 769 1621 potius
791 1579 878 1611 illam
896 1579 1022 1611 videtur
1046 1580 1243 1622 opinionem,
1273 1590 1344 1621 quas
1365 1590 1482 1612 nervo—

167 1643 240 1664 rum
265 1637 475 1671 structuram,
502 1631 682 1663 tubulosam
709 1643 775 1664 esse
799 1633 971 1664 contendit.
1005 1632 1095 1664 Della
1120 1633 1217 1663 Torre
1240 1633 1287 1674 (2)
1312 1632 1481 1675 aspiciebat

166 1684 371 1717 substantiam
396 1684 533 1724 cerebri,
560 1684 723 1725 cerebelli,
745 1685 892 1717 medullae
912 1685 1040 1728 spinalis
1059 1691 1092 1716 et
1111 1696 1297 1725 nervorum,
1318 1691 1482 1728 tamquam

166 1738 341 1781 simplicem
370 1739 551 1781 congeriem
579 1738 780 1781 globulorum
811 1738 1066 1781 pellucidorum,
1095 1744 1127 1769 et
1155 1739 1189 1769 in
1215 1738 1312 1769 fluido
1342 1738 1480 1780 quodam

165 1792 339 1834 diaphano,
362 1797 400 1823 ut
413 1792 456 1822 sic
476 1803 640 1824 nervosam
656 1791 862 1823 substantiam
883 1792 1127 1830 constituerent,
1149 1792 1380 1822 immersorum.
1402 1791 1479 1835 Ejus

165 1844 336 1883 sententia,
352 1844 385 1875 hi
398 1844 517 1887 globuli
534 1857 551 1876 a
563 1856 596 1876 se
610 1846 748 1878 invicem
764 1845 926 1877 volumine
941 1844 1166 1887 discrepanteS,
1182 1844 1354 1875 directione
1371 1850 1477 1874 tamen

165 1904 197 1929 et
219 1896 357 1929 mixtura
382 1897 500 1929 lineam
525 1904 643 1930 rectam
671 1898 836 1938 affectant,
865 1904 898 1930 et
918 1899 1084 1941 saepissime
1113 1903 1306 1935 structuram
1332 1896 1476 1929 fibrosam

223 2001 267 2030 (1)
283 2001 358 2024 Ele'm.
374 2000 495 2030 physiol.‚
517 2005 574 2024 tom.
590 2002 612 2024 4.

223 2043 266 2072 (2)
283 2041 369 2065 Nuove
383 2048 470 2065 osserv.
489 2041 628 2072 microscop.
649 2042 763 2072 Neapoli,
789 2041 853 2071 1776.
