1809 2469
914 248 1024 291 (30)

309 338 430 359 sumus.
457 326 498 357 Et
516 336 533 356 e
552 330 659 356 contra
680 323 705 354 si
724 334 788 354 non
809 333 918 353 omnes
938 321 1033 352 hosce
1052 330 1176 358 sensu5‚
1198 318 1308 350 saltem
1328 318 1455 351 illorum
1477 319 1626 359 effectus,

311 382 406 412 unico
423 380 490 410 ictu
511 378 673 409 destruere
689 376 848 414 valemus,
869 385 926 417 per
947 374 1042 405 solam
1066 373 1313 404 destructionem
1335 372 1444 415 organi
1465 372 1627 412 centralis,

309 433 363 464 ubi
386 433 513 464 illorum
533 431 723 462 sensationes
742 429 848 460 locum
871 427 1005 466 habent,
1029 433 1124 469 atque
1146 426 1366 469 perficiuntur.

763 548 904 580 CAPUT
948 547 1172 586 QUARTUM.

663 647 722 675 DE
768 644 1010 674 MEDULLA
1057 642 1279 671 SPINALI.

351 749 491 781 Medulla
519 747 648 791 spinalis
672 747 805 789 longum
833 746 979 777 efformat
1005 744 1189 776 funiculum
1211 744 1429 787 irregulariter
1457 745 1631 788 cylindro?-

309 803 422 842 deum,
455 802 511 844 qui
532 813 548 832 a
577 800 815 844 protuberantia
840 798 994 830 cerebrali
1020 809 1078 840 per
1103 797 1245 830 canalem
1273 798 1498 838 vertebralem‚
1529 810 1632 841 usque

310 857 348 888 ad
368 857 503 899 primam
524 854 575 887 vel
594 853 768 885 secundam
789 852 967 885 vertebram
990 851 1169 882 lumbarem
1189 850 1365 890 descendit,
1388 851 1456 895 ejus
1477 852 1633 883 terminus

309 920 434 952 semper
462 909 495 939 in
527 907 642 938 adultis
671 907 770 949 magis
798 905 933 937 inferius
962 903 1227 935 animadvertitur
1254 915 1350 946 quam
1380 905 1413 935 in
1444 904 1631 936 infantibus.

311 964 562 1004 Distinguuntur
576 961 609 991 in
626 959 764 991 medulla
781 958 910 1001 spinali,
932 968 1003 1000 pars
1020 968 1082 988 una
1100 956 1202 987 media
1217 957 1282 988 sive
1299 968 1435 997 corpus,
1450 958 1632 988 extremitas

311 1026 375 1046 una
386 1015 539 1056 superior,
553 1024 624 1055 quae
638 1024 654 1042 a
667 1012 782 1042 clariss.
793 1010 960 1041 Chaussier
971 1010 1104 1040 Balbus
1116 1009 1291 1039 rachideus
1303 1009 1431 1049 (Balbe
1444 1011 1634 1052 rachidien)

312 1072 494 1106 vocatur,et
504 1077 575 1108 quae
587 1066 693 1096 cranio
703 1063 824 1095 inclusa
836 1068 893 1094 est:
905 1062 973 1092 baec
982 1062 1061 1092 sistit
1073 1062 1277 1092 eminentiam
1286 1073 1356 1104 quae
1367 1073 1383 1092 a
1395 1062 1633 1104 protuberantia

313 1119 466 1152 cerebrali
487 1119 527 1149 ad
545 1119 689 1149 foramen
709 1127 862 1158 magnum
886 1115 1051 1156 occipitale
1072 1115 1266 1145 extenditur.
1292 1115 1434 1146 Possidet
1451 1116 1491 1147 ad
1511 1123 1633 1158 partem

312 1173 381 1216 ejus
398 1172 586 1202 anteriorem
609 1175 746 1212 quatuor
763 1168 950 1199 eminentias
965 1167 1030 1198 sive
1046 1166 1241 1209 py1·amideS‚
1263 1178 1399 1209 quarum
1415 1168 1487 1200 duae
1502 1169 1636 1201 internae

312 1225 499 1257 eminentiae
532 1224 588 1254 vel
617 1234 752 1263 corpora
781 1221 1012 1263 pyramidalia
1023 1242 1035 1256 2
1070 1219 1242 1260 dicuntur,
1279 1220 1356 1251 dum
1384 1221 1467 1253 binae
1496 1228 1635 1254 externae

312 1290 449 1321 corpora
476 1278 620 1308 olivaria
645 1281 892 1318 nuncupantur,
918 1274 986 1305 haec
1011 1285 1028 1304 a
1053 1273 1211 1315 prioribus
1234 1279 1421 1316 separantur
1449 1286 1508 1317 ope
1536 1275 1634 1315 sulci,

310 1335 345 1364 in
366 1344 430 1375 quo
451 1336 621 1373 emergunt
641 1330 800 1360 filamenta
820 1328 911 1360 nervi
932 1327 1058 1370 majoris
1079 1327 1274 1370 hypoglossi,
1298 1328 1394 1359 facies
1413 1328 1541 1360 illarum
1561 1341 1635 1372 pos-

311 1386 408 1417 terior
427 1385 581 1427 parietem
607 1383 770 1415 constituit
789 1381 960 1415 ventriculi
978 1381 1094 1424 quarti.
1117 1380 1303 1412 Lateraliter
1327 1381 1441 1413 sistunt
1466 1382 1637 1414 continua-

313 1440 432 1470 tionem
445 1449 517 1469 cum
530 1443 619 1480 parte
636 1437 779 1468 inferiori
795 1435 1040 1478 prolongationis
1057 1434 1235 1476 posterioris
1247 1434 1410 1474 cerebelli,
1427 1446 1486 1478 ope
1499 1435 1637 1467 duarum

314 1492 560 1523 eminentiarum
582 1490 801 1533 elongatarum
824 1488 934 1520 coloris
955 1487 1067 1528 albidi,
1088 1498 1160 1530 quae
1180 1488 1361 1519 eminentiae
1383 1500 1518 1530 corpora
1539 1490 1638 1520 resti-

308 1544 435 1587 sormz'a
456 1545 590 1575 fuerunt
609 1549 814 1586 nuncupatae.

358 1597 407 1628 Ad
425 1597 539 1627 faciem
561 1597 751 1627 anteriorem
772 1595 910 1638 corporis
931 1594 1078 1625 medullae
1103 1594 1231 1637 spinalis
1250 1595 1514 1628 animadvertitur
1530 1595 1637 1627 sulcus

314 1649 554 1693 longitudinalis
575 1650 648 1679 satis
670 1648 850 1691 profundus
871 1650 904 1679 in
927 1649 1010 1680 linea
1032 1648 1177 1680 mediana
1204 1650 1296 1689 situs,
1325 1649 1364 1680 ad
1389 1660 1486 1692 quem
1510 1649 1637 1680 sulcum

314 1704 499 1735 medianum
521 1704 735 1734 terminantur
757 1703 835 1735 varii
855 1702 935 1734 sulci
953 1703 1090 1734 minores
1108 1709 1140 1734 et
1162 1703 1341 1735 transversi.
1362 1702 1436 1733 Haec
1457 1701 1551 1732 etiam
1572 1701 1638 1732 dis-

315 1757 428 1799 positio
452 1762 580 1786 notatnr
605 1757 638 1786 in
665 1762 755 1798 parte
778 1755 928 1787 medullae
950 1756 1134 1798 posteriori,
1165 1756 1202 1787 ea
1229 1761 1334 1786 tamen
1360 1765 1434 1785 cum
1458 1754 1637 1785 differentia

316 1815 354 1840 ut
376 1808 456 1839 sulci
475 1808 604 1838 minoris
624 1808 686 1838 sint
701 1807 937 1849 profunditatis.
959 1808 1032 1839 Bini
1047 1809 1204 1851 margines
1225 1808 1294 1852 ejus
1311 1806 1455 1839 laterales
1475 1806 1638 1838 rotundati

317 1862 473 1904 originem
497 1860 639 1904 praebent
661 1860 818 1892 radicibus
842 1861 1052 1893 anterioribus
1076 1868 1109 1893 et
1133 1860 1356 1905 posterioribus
1379 1871 1552 1893 nervorum
1572 1860 1638 1902 spi-

317 1915 451 1946 nalium.

361 1967 510 1999 Medullae
540 1967 722 1998 extremitas
750 1967 883 1998 inferior
911 1967 1004 1999 offert
1039 1967 1128 1999 binas
1160 1967 1367 2006 eminentias,
1397 1977 1495 1998 unam
1520 1976 1636 2009 nempe

318 2032 513 2064 superiorem
533 2020 716 2061 ovoideam,
736 2021 908 2053 voluminis
929 2021 1074 2065 majoris,
1094 2027 1127 2054 et
1147 2021 1278 2053 alteram
1294 2021 1478 2052 inferiorem
1496 2021 1637 2051 conicam

317 2075 447 2106 minoris
470 2074 651 2108 voluminis.
