1809 2469
913 201 1026 244 (20)

315 292 353 323 ad
369 289 587 322 illustrandam
606 289 897 331 compensationum
913 287 1088 319 doctrinam
1109 290 1228 320 transit.
1251 290 1337 321 Inter
1353 290 1505 333 plurimas
1525 296 1632 321 antem

316 355 457 397 regulas⁷
479 352 594 396 quibus
617 352 885 394 compensationes
908 351 1116 391 definiantur,
1144 353 1332 394 propositas,
1360 352 1445 384 Ordo
1468 353 1633 384 Juriscon—

315 419 471 449 sultorum
495 417 568 447 alias
589 416 707 458 reperit
728 415 812 445 inter
834 424 866 444 se
888 419 1083 456 pugnanteS,
1104 414 1178 445 alias
1200 426 1288 454 vero,
1308 426 1444 457 quarum
1465 416 1633 458 applicatio

318 481 356 512 ad
383 491 491 523 graves
521 479 711 510 conduceret
741 487 871 508 errores.
916 476 1119 519 Quapropter
1148 478 1275 520 scriptio
1305 477 1377 517 illa,
1409 478 1530 508 etiamsi
1561 490 1634 509 cum

317 544 447 586 reliquis
468 553 656 574 concurrere
679 541 830 584 potuisset
854 541 1021 583 praemium
1046 547 1151 572 tamen
1176 542 1306 572 minime
1327 547 1523 583 reportasset.

362 619 380 637 ))
396 607 447 637 Tu
468 606 605 647 denique
628 604 879 647 praestantissime
900 603 969 634 VAN
994 615 1030 634 DE
1055 603 1176 643 Vama,
1203 604 1310 646 accipe
1335 604 1394 634 lioc
1414 603 1552 646 diploma
1574 603 1635 634 ho-

319 683 338 702 ))
353 671 536 708 norificum‚
565 680 628 711 quo
646 667 664 698 J
669 667 941 698 ureconsultorum
959 666 1044 697 Ordo
1067 667 1112 697 Te
1132 667 1309 698 ornandum
1332 667 1473 698 censuit!
1503 666 1635 705 Quibus

320 734 460 774 »prima
485 732 664 773 attingere,
695 742 759 760 non
784 730 900 766 licuit,
932 731 966 760 in
991 729 1144 760 secundis
1170 729 1351 760 subsistere
1376 727 1580 759 decorumJ¹²

361 873 563 905 JUDICIUM
601 871 765 903 ORDINIS
798 870 1158 902 PHILOSOPHORUM
1191 871 1245 902 ET
1277 871 1590 902 LITERATORUM.

365 986 477 1017 Ordini
513 985 775 1028 Philosophorum
805 990 838 1015 et
870 985 1080 1015 Literatorum
1111 984 1150 1015 ad
1174 985 1311 1027 priorem
1334 996 1351 1014 a
1384 994 1416 1014 se
1448 984 1638 1026 propositam

321 1050 525 1092 quaestionenl
547 1048 634 1080 nulla
660 1048 761 1079 oblata
787 1054 833 1079 est
857 1048 1030 1090 responsio:
1058 1048 1097 1079 de
1122 1047 1219 1079 altera
1248 1058 1321 1080 vero
1346 1047 1536 1090 quaestione:

321 1153 323 1156 ι
365 1124 384 1143 ))
401 1112 583 1142 Accuratci
605 1117 637 1141 et
660 1111 829 1141 succincta
852 1111 1042 1142 narratione
1069 1117 1273 1152 exponatur,
1307 1121 1372 1152 quo
1389 1109 1470 1152 jure
1480 1131 1492 1146 ,
1519 1115 1552 1140 et
1574 1120 1640 1150 quo

324 1186 342 1205 ))
359 1186 513 1205 successa
547 1174 745 1204 Guilielmns
775 1174 990 1204 Normannioe
1015 1174 1106 1211 dax,
1136 1175 1388 1217 cognominatas
1413 1178 1638 1215 conquaestor,

324 1250 342 1269 ))
358 1239 531 1281 Angliam
560 1238 738 1274 invaserit,
769 1243 801 1268 et
826 1237 927 1279 qaid,
958 1238 1109 1268 subactis
1134 1238 1295 1280 Anglis,
1332 1237 1367 1267 in
1395 1247 1505 1267 eorum
1531 1236 1642 1276 reipa-

323 1313 342 1332 ))
359 1302 453 1332 blicae
463 1301 578 1346 forma
604 1307 636 1331 et
659 1301 822 1331 institutis
848 1302 910 1331 sab
937 1302 1044 1341 ἱρείας
1071 1301 1206 1341 imperio
1239 1301 1448 1330 immutatam
1467 1298 1639 1341 fueritP”

430 1374 489 1393 sex
517 1362 555 1393 ad
585 1373 658 1393 eum
685 1363 784 1393 missae
809 1369 884 1394 sunt
907 1363 1111 1405 scriptiones:

366 1426 508 1462 Prima,
540 1425 688 1456 lemmate
711 1425 871 1456 distincta:
903 1437 921 1456 »
938 1427 1108 1458 Scribendi
1133 1432 1217 1457 recte
1245 1437 1360 1467 sapere
1385 1431 1437 1456 est
1457 1431 1491 1455 et
1511 1425 1643 1466 princi-

318 1490 416 1530 piam
442 1495 474 1519 et
491 1487 613 1531 fonS.”
642 1488 811 1520 admodum
841 1488 953 1521 leviter
977 1489 1011 1519 in
1042 1488 1177 1531 utraque
1211 1488 1392 1531 quaestionis
1420 1493 1510 1530 parte
1542 1498 1641 1530 expo-

325 1552 427 1583 nenda
452 1558 603 1584 versatur.

367 1616 405 1646 In
429 1615 603 1652 secundae,
643 1615 744 1647 verbis
774 1616 949 1658 inscriptae:
983 1616 1150 1648 »J’aurai
1184 1616 1229 1647 da
1260 1616 1365 1646 moins
1395 1614 1567 1645 l'lzonnear
1602 1613 1642 1643 cle

327 1677 445 1708 l'avoir
467 1677 662 1719 entrepris.”
707 1684 796 1720 parte
828 1680 932 1720 priore
963 1685 1094 1722 apparet
1121 1679 1220 1723 major
1251 1679 1348 1710 studii
1379 1677 1552 1709 assiduitas.
1582 1676 1645 1707 Sed

328 1741 414 1772 deest
440 1741 593 1784 judicium
616 1742 649 1772 in
669 1742 835 1784 praecipuis
860 1753 968 1774 rerum
998 1748 1158 1785 gestarum
1181 1743 1348 1774 momentis
1371 1740 1591 1784 exquirendi53
1612 1745 1645 1771 et

327 1806 405 1847 reip.
432 1805 567 1836 formam
591 1811 685 1847 atque
709 1806 851 1836 instituta
876 1811 986 1837 auctor
1012 1807 1137 1837 nonnisi
1161 1805 1261 1837 obiter
1287 1805 1401 1847 attigit.

378 1868 408 1897 T
404 1869 496 1898 ertioe
521 1868 740 1910 disputationis
764 1874 891 1908 auctor,
917 1869 972 1912 qui
995 1869 1092 1912 priori
1121 1869 1203 1912 parti
1223 1867 1316 1901 verba
1341 1868 1477 1911 praefixit
1497 1866 1641 1909 Virgilii:

330 1943 348 1961 >³
369 1932 441 1961 Rex
467 1955 660 1962 ........
685 1931 779 1962 nobis
806 1943 869 1974 quo
887 1932 1017 1974 justior
1035 1933 1137 1969 alter,
1167 1930 1254 1963 etc.'’
1283 1931 1464 1962 certaminis
1489 1930 1552 1972 legi
1577 1941 1643 1961 non

329 1994 496 2034 satisfecit,
522 1994 669 2026 lemmate
694 1994 820 2035 omisso,
841 2006 947 2039 neque
965 1995 1118 2028 schedula
1138 1993 1298 2039 adjuncta.
1328 1994 1557 2025 Commentatio
1576 2002 1641 2024 non
