1809 2469
920 231 1034 274 (22)

310 311 356 343 vis
373 321 389 341 a
408 315 496 351 tergo
512 309 615 352 ipsum
634 308 813 351 impelleret
830 313 861 338 et
875 306 1100 349 praecipitaret,
1116 310 1294 336 antrorsum
1312 309 1429 335 currat.
1450 303 1480 334 Si
1498 314 1515 335 e
1529 309 1635 335 contra

310 364 427 395 reactio
450 362 598 394 cerebelli
619 362 808 404 impeditur,
831 366 935 391 motus
950 364 1149 402 peraguntur
1171 358 1344 389 directione
1365 357 1505 400 opposita
1519 363 1549 388 et
1567 358 1638 388 ani-

310 417 374 448 mal
400 422 592 459 postrorsum
614 416 725 447 currit.

355 470 528 500 Videretur
548 479 623 511 ergo
639 479 676 499 ex
698 467 760 498 illis
775 466 1001 508 experimentis
1018 464 1243 496 deducendum
1260 475 1342 503 esse,
1365 463 1450 506 quod
1469 463 1585 494 animal
1605 464 1638 495 in

311 530 395 555 statu
413 535 469 554 suo
487 521 624 553 naturali
647 527 679 552 et
699 520 857 552 ordinario
878 520 1018 550 sanitatis
1039 519 1164 557 vivens,
1185 518 1273 560 quasi
1292 518 1375 547 inter
1391 516 1469 547 duas
1486 518 1639 559 potentias

312 577 371 608 sibi
390 576 605 619 aequilibrium
623 575 790 613 facientes,
808 579 966 611 versetur,
984 582 1185 614 quarumque
1203 571 1417 613 potentiarum
1435 582 1497 601 una
1520 582 1534 600 a
1552 576 1640 612 parte

312 630 462 660 anteriori
486 635 518 659 et
541 628 638 658 altera
667 639 683 657 a
708 633 798 669 parte
824 626 1005 668 posteriori,
1036 624 1118 656 vires
1146 635 1217 654 suas
1245 630 1405 654 exercent¹
1435 624 1546 666 Itaque
1574 624 1640 666 ipsa

312 683 459 716 voluntas
484 681 656 724 possideret
680 680 762 710 hanc
787 685 991 722 potestatem,
1018 677 1080 720 qua
1102 689 1159 720 pro
1186 689 1243 708 sno
1268 677 1361 708 libitu
1385 677 1423 707 de
1451 677 1532 707 binis
1556 677 1642 708 hisce

313 737 462 780 potentiis
481 735 647 778 disponere
670 739 784 777 posset.
810 733 906 764 Casus
924 732 1143 774 pathologicus
1163 742 1226 761 non
1248 730 1388 761 multum
1406 730 1511 761 adhuc
1532 731 1643 772 cogni-

314 796 387 830 tus,
415 801 478 832 quo
505 788 580 831 equi
609 799 673 818 non
700 798 769 817 raro
795 785 959 825 laborant,
987 785 1101 815 horum
1130 784 1288 815 factorum
1316 784 1481 815 veritatem
1505 784 1643 815 stabilire

315 842 451 874 valebat.
471 842 529 872 Hic
547 840 674 871 morbus
690 851 705 870 a
723 839 919 870 veterinariis
934 843 1066 869 vocatur
1079 837 1320 867 Immobilitas.
1343 837 1493 879 Autopsia
1516 837 1644 868 illorum

316 907 473 939 equorum
503 895 567 925 fuit
596 894 741 924 instituta
770 898 802 923 et
831 892 917 935 apud
947 902 1076 930 omneS,
1109 890 1275 922 cerebrum
1304 891 1471 922 manifesto
1499 892 1645 924 vitiatum

316 950 380 981 fuit
401 954 581 991 repertum,
603 947 679 978 durn
704 945 898 977 cerebellum
923 957 940 976 e
964 951 1072 976 contra
1095 945 1251 975 intactum
1273 951 1477 976 remanserat.

361 1003 620 1033 Demonstratum
647 1011 722 1041 ergo
749 999 876 1031 videtur
902 999 989 1029 binas
1020 999 1175 1040 potentias
1205 998 1352 1028 motrices
1380 1004 1412 1028 et
1440 998 1588 1030 cerebelli
1616 1005 1648 1030 et

320 1055 463 1092 cerebri,
492 1055 525 1084 in
553 1051 742 1083 animalibus
772 1052 925 1091 existere,
963 1051 1109 1093 ipsasque
1138 1051 1171 1080 in
1203 1051 1297 1081 certis
1327 1050 1449 1082 casibus
1477 1051 1648 1083 voluntatis

321 1107 506 1151 impulsioni
526 1117 591 1136 sese
611 1105 790 1136 subducere
812 1115 911 1146 posse.
939 1104 1013 1141 Quo
1033 1102 1072 1133 de
1093 1114 1186 1145 scopo
1204 1104 1299 1133 etiam
1320 1110 1445 1134 enarrat
1464 1105 1650 1147 exemplum

320 1163 354 1193 in
375 1162 441 1192 viro
457 1159 657 1190 observatum
674 1156 851 1199 Magendie.
864 1156 911 1198 (1)
930 1155 1026 1187 Brevi
1043 1161 1208 1197 postquam
1224 1155 1306 1186 illud
1323 1158 1580 1198 experimentum
1597 1159 1651 1190 in-

321 1216 482 1253 stituerat,
505 1210 729 1243 animadvertit
741 1209 825 1252 quod
839 1208 1086 1251 produceretur,
1108 1219 1172 1239 non
1188 1209 1262 1251 quia
1282 1209 1504 1252 hemisphaeria
1522 1211 1650 1243 fuerant

323 1268 499 1305 destructa,
519 1264 573 1296 sed
593 1265 667 1307 quia
685 1274 814 1305 corpora
835 1262 942 1292 striata
958 1260 1060 1292 deleta
1086 1267 1188 1292 erant.
1212 1261 1400 1293 Observavit
1416 1264 1547 1304 insuper
1565 1265 1651 1307 quod

323 1323 348 1352 si
368 1322 401 1351 iu
420 1319 537 1364 juniori
561 1317 710 1350 cuniculo
731 1328 806 1348 cum
829 1326 959 1358 corpore
981 1314 1094 1345 calloso
1117 1320 1150 1345 et
1170 1314 1249 1345 lobis
1269 1315 1479 1347 anterioribus
1499 1317 1653 1349 auferan—

325 1381 378 1405 tur
395 1373 487 1405 ambo
505 1371 743 1413 hemisphaeria,
765 1369 949 1412 corporibus
969 1368 1083 1399 striatis
1099 1369 1230 1411 integris
1248 1369 1502 1410 remanentibus,
1524 1371 1653 1404 morbus

325 1434 504 1459 antrorsum
532 1426 637 1456 locum
664 1435 727 1455 non
751 1423 920 1461 habuerit,
946 1428 977 1453 et
1001 1422 1068 1464 ipse
1095 1421 1238 1452 animalis
1261 1422 1401 1453 incessus
1425 1434 1488 1454 non
1513 1430 1655 1456 mutatus

327 1481 442 1519 fuerit,
471 1479 531 1509 nisi
557 1478 754 1520 excipiamus
776 1476 897 1519 aliquas
924 1477 1134 1515 mutationes,
1165 1476 1331 1507 manifesto
1356 1488 1372 1507 a
1398 1477 1505 1508 dolore
1529 1484 1561 1509 et
1586 1478 1654 1510 hae-

327 1534 507 1576 morrliagia
529 1531 775 1574 praevenientes,
798 1530 962 1563 evidenter
984 1541 1002 1561 e
1016 1536 1124 1561 contra
1143 1528 1175 1559 id
1191 1529 1305 1560 accidit
1319 1529 1396 1560 dum
1413 1530 1560 1562 aufertur
1578 1532 1656 1563 sub—

329 1588 442 1618 stantia
467 1587 583 1629 grisea,
607 1596 681 1627 quae
702 1584 820 1627 praebet
843 1584 1025 1626 corporibus
1046 1584 1161 1614 striatis
1182 1582 1316 1614 formam
1338 1584 1494 1626 segmenti
1513 1596 1552 1615 ex
1576 1597 1656 1617 cono

330 1640 467 1684 quodam
497 1644 664 1670 recurvato
691 1638 861 1680 desumpti.
891 1638 975 1668 Dum
996 1636 1167 1667 substantia
1191 1635 1259 1666 alba
1281 1636 1397 1667 horum
1425 1648 1594 1680 corporum
1617 1639 1657 1670 ab

331 1693 479 1726 omnibus
507 1691 649 1735 partibus
677 1702 746 1721 eam
778 1689 1050 1721 circumdantibus
1081 1689 1234 1721 liberatur
1268 1696 1301 1720 et
1322 1689 1399 1721 dum
1425 1689 1496 1721 laedi
1526 1692 1655 1734 incipit,

333 1746 451 1778 animal
472 1744 642 1787 qnamdam
661 1744 906 1775 sollicitudinem
926 1744 1136 1782 demonstrat,
1158 1749 1191 1774 et
1211 1742 1344 1775 evadere
1363 1743 1487 1774 nititur.
1508 1745 1658 1776 Attamen

333 1802 359 1832 si
382 1811 485 1831 unum
511 1798 676 1828 dumtaxat
699 1808 867 1839 corporum
893 1798 1073 1828 striatorum
1096 1796 1287 1836 destruitur,
1313 1802 1416 1827 motus
1440 1796 1532 1828 liberi
1553 1798 1658 1830 adhuc

336 1853 544 1885 observantur
564 1856 596 1881 et
617 1850 735 1881 animal
754 1862 811 1893 pro
825 1851 989 1882 voluntate
1012 1850 1061 1883 vel
1081 1850 1205 1893 placido
1224 1850 1274 1882 vel
1291 1850 1352 1880 cito
1369 1850 1586 1892 progreditur,
1607 1853 1660 1884 vel

337 1908 431 1938 etiam
449 1915 590 1947 gressum
614 1910 723 1935 cessat.
750 1905 792 1935 At
811 1904 886 1936 dum
911 1904 1003 1935 ambo
1024 1916 1153 1947 corpora
1176 1904 1282 1934 striata
1305 1904 1513 1943 auferuntur,
1541 1905 1659 1937 animal

338 1961 442 1992 statim
454 1970 520 1990 sese
531 1959 723 2002 praecipitat,
735 1959 823 2001 quasi
838 1969 894 2001 per
905 1959 969 1991 vim
981 1970 997 1989 a
1013 1965 1102 2001 tergo
1113 1956 1365 2000 protruderetur.
1376 1956 1486 1999 Itaque
1497 1957 1660 2000 integritas

401 2073 433 2102 (ι)
451 2072 535 2094 Jouru.
552 2071 580 2094 de
596 2070 703 2101 physiol.
723 2070 839 2101 experim.
860 2070 927 2093 Anu.
944 2070 1008 2093 1825.
1026 2077 1080 2100 pag.
1098 2069 1150 2098 376.
