<?xml version="1.0" encoding="UTF-8"?>
<!DOCTYPE html PUBLIC "-//W3C//DTD XHTML 1.0 Transitional//EN"
    "http://www.w3.org/TR/xhtml1/DTD/xhtml1-transitional.dtd">
<html xmlns="http://www.w3.org/1999/xhtml" xml:lang="en" lang="en">
 <head>
  <title>
</title>
<meta http-equiv="Content-Type" content="text/html;charset=utf-8" />
  <meta name='ocr-system' content='tesseract 3.04.00' />
  <meta name='ocr-capabilities' content='ocr_page ocr_carea ocr_par ocr_line ocrx_word'/>
</head>
<body>
  <div class='ocr_page' id='page_1' title='image "annalesacademiae26gand_0117.png"; bbox 0 0 1809 2469; ppageno 0'>
   <div class='ocr_carea' id='block_1_1' title="bbox 125 237 1450 257">
    <p class='ocr_par' dir='ltr' id='par_1_1' title="bbox 125 237 1450 257">
     <span class='ocr_line' id='line_1_1' title="bbox 125 237 1450 257; baseline 0 2212"><span class='ocrx_word' id='word_1_1' title='bbox 125 237 1450 257; x_wconf 95' lang='lat' dir='ltr'> </span> 
     </span>
    </p>
   </div>
   <div class='ocr_carea' id='block_1_2' title="bbox 153 413 1420 467">
    <p class='ocr_par' dir='ltr' id='par_1_2' title="bbox 153 413 1420 467">
     <span class='ocr_line' id='line_1_2' title="bbox 153 413 1420 467; baseline -0.004 -6"><span class='ocrx_word' id='word_1_2' title='bbox 153 418 543 467; x_wconf 69' lang='lat' dir='ltr'>DISQUISITIO</span> <span class='ocrx_word' id='word_1_3' title='bbox 586 417 670 458; x_wconf 84' lang='lat' dir='ltr'>DE</span> <span class='ocrx_word' id='word_1_4' title='bbox 716 413 1005 457; x_wconf 78' lang='lat' dir='ltr'>ORGIIIDE</span> <span class='ocrx_word' id='word_1_5' title='bbox 1051 414 1420 456; x_wconf 85' lang='lat' dir='ltr'><strong>LATIFOLIA.</strong></span> 
     </span>
    </p>
   </div>
   <div class='ocr_carea' id='block_1_3' title="bbox 505 575 1065 598">
    <p class='ocr_par' dir='ltr' id='par_1_3' title="bbox 505 575 1065 598">
     <span class='ocr_line' id='line_1_3' title="bbox 505 575 1065 598; baseline -0.007 -1"><span class='ocrx_word' id='word_1_6' title='bbox 505 575 1065 598; x_wconf 52' lang='grc' dir='ltr'>ψ</span> 
     </span>
    </p>
   </div>
   <div class='ocr_carea' id='block_1_4' title="bbox 592 757 1003 836">
    <p class='ocr_par' dir='ltr' id='par_1_4' title="bbox 592 757 1003 836">
     <span class='ocr_line' id='line_1_4' title="bbox 592 757 1003 836; baseline -0.005 -20"><span class='ocrx_word' id='word_1_7' title='bbox 592 759 733 818; x_wconf 85' lang='lat' dir='ltr'>Pars</span> <span class='ocrx_word' id='word_1_8' title='bbox 795 757 1003 836; x_wconf 84' lang='lat' dir='ltr'>prima.</span> 
     </span>
    </p>
   </div>
   <div class='ocr_carea' id='block_1_5' title="bbox 405 918 1183 959">
    <p class='ocr_par' dir='ltr' id='par_1_5' title="bbox 405 918 1183 959">
     <span class='ocr_line' id='line_1_5' title="bbox 405 918 1183 959; baseline -0.003 -3"><span class='ocrx_word' id='word_1_9' title='bbox 405 920 722 959; x_wconf 80' lang='lat' dir='ltr'><strong>HISTORIA</strong></span> <span class='ocrx_word' id='word_1_10' title='bbox 798 918 1183 955; x_wconf 83' lang='lat' dir='ltr'><strong>NATURALIS.</strong></span> 
     </span>
    </p>
   </div>
   <div class='ocr_carea' id='block_1_6' title="bbox 739 1054 831 1098">
    <p class='ocr_par' dir='ltr' id='par_1_6' title="bbox 739 1054 831 1098">
     <span class='ocr_line' id='line_1_6' title="bbox 739 1054 831 1098; baseline 0 -12"><span class='ocrx_word' id='word_1_11' title='bbox 739 1054 831 1098; x_wconf 73' lang='lat' dir='ltr'>§L</span> 
     </span>
    </p>
   </div>
   <div class='ocr_carea' id='block_1_7' title="bbox 92 1147 1472 2072">
    <p class='ocr_par' dir='ltr' id='par_1_7' title="bbox 92 1147 1472 2072">
     <span class='ocr_line' id='line_1_7' title="bbox 129 1147 1466 1214; baseline -0.001 -8"><span class='ocrx_word' id='word_1_12' title='bbox 129 1147 331 1211; x_wconf 71' lang='lat' dir='ltr'>PmusQUAM</span> <span class='ocrx_word' id='word_1_13' title='bbox 357 1173 391 1204; x_wconf 89' lang='lat' dir='ltr'>in</span> <span class='ocrx_word' id='word_1_14' title='bbox 415 1173 560 1204; x_wconf 85' lang='lat' dir='ltr'>medium</span> <span class='ocrx_word' id='word_1_15' title='bbox 584 1171 786 1214; x_wconf 86' lang='lat' dir='ltr'>proferamus</span> <span class='ocrx_word' id='word_1_16' title='bbox 811 1177 932 1203; x_wconf 87' lang='lat' dir='ltr'>nostras</span> <span class='ocrx_word' id='word_1_17' title='bbox 953 1170 1187 1204; x_wconf 78' lang='lat' dir='ltr'>observationes</span> <span class='ocrx_word' id='word_1_18' title='bbox 1210 1173 1246 1204; x_wconf 90' lang='lat' dir='ltr'>in</span> <span class='ocrx_word' id='word_1_19' title='bbox 1269 1178 1466 1205; x_wconf 84' lang='lat' dir='ltr'><strong>structuram</strong></span> 
     </span>
     <span class='ocr_line' id='line_1_8' title="bbox 129 1224 1466 1270; baseline -0.001 -10"><span class='ocrx_word' id='word_1_20' title='bbox 129 1236 193 1260; x_wconf 86' lang='lat' dir='ltr'>tam</span> <span class='ocrx_word' id='word_1_21' title='bbox 214 1234 380 1259; x_wconf 82' lang='lat' dir='ltr'><strong>externam</strong></span> <span class='ocrx_word' id='word_1_22' title='bbox 401 1238 499 1269; x_wconf 87' lang='lat' dir='ltr'>quam</span> <span class='ocrx_word' id='word_1_23' title='bbox 522 1226 682 1257; x_wconf 88' lang='lat' dir='ltr'>internam</span> <span class='ocrx_word' id='word_1_24' title='bbox 704 1225 873 1268; x_wconf 83' lang='lat' dir='ltr'>singularis</span> <span class='ocrx_word' id='word_1_25' title='bbox 896 1224 994 1268; x_wconf 87' lang='lat' dir='ltr'>hujus</span> <span class='ocrx_word' id='word_1_26' title='bbox 1016 1225 1153 1268; x_wconf 80' lang='lat' dir='ltr'>plantae,</span> <span class='ocrx_word' id='word_1_27' title='bbox 1177 1227 1339 1270; x_wconf 89' lang='lat' dir='ltr'>proposito</span> <span class='ocrx_word' id='word_1_28' title='bbox 1358 1233 1466 1259; x_wconf 89' lang='lat' dir='ltr'>nostro</span> 
     </span>
     <span class='ocr_line' id='line_1_9' title="bbox 129 1278 1468 1324; baseline 0 -10"><span class='ocrx_word' id='word_1_29' title='bbox 129 1287 380 1314; x_wconf 87' lang='lat' dir='ltr'>consentaneum</span> <span class='ocrx_word' id='word_1_30' title='bbox 401 1290 467 1310; x_wconf 83' lang='lat' dir='ltr'>esse</span> <span class='ocrx_word' id='word_1_31' title='bbox 483 1279 651 1318; x_wconf 83' lang='lat' dir='ltr'>duximus,</span> <span class='ocrx_word' id='word_1_32' title='bbox 671 1284 709 1310; x_wconf 84' lang='lat' dir='ltr'>ut</span> <span class='ocrx_word' id='word_1_33' title='bbox 725 1284 798 1310; x_wconf 89' lang='lat' dir='ltr'>ante</span> <span class='ocrx_word' id='word_1_34' title='bbox 814 1278 925 1310; x_wconf 88' lang='lat' dir='ltr'>oculos</span> <span class='ocrx_word' id='word_1_35' title='bbox 942 1278 1097 1311; x_wconf 87' lang='lat' dir='ltr'>Benevoli</span> <span class='ocrx_word' id='word_1_36' title='bbox 1117 1281 1258 1311; x_wconf 88' lang='lat' dir='ltr'>Lectoris</span> <span class='ocrx_word' id='word_1_37' title='bbox 1273 1292 1468 1324; x_wconf 85' lang='lat' dir='ltr'>poneremus</span> 
     </span>
     <span class='ocr_line' id='line_1_10' title="bbox 130 1332 1467 1377; baseline 0.001 -11"><span class='ocrx_word' id='word_1_38' title='bbox 130 1346 194 1366; x_wconf 89' lang='lat' dir='ltr'>non</span> <span class='ocrx_word' id='word_1_39' title='bbox 211 1333 318 1365; x_wconf 83' lang='lat' dir='ltr'>solum</span> <span class='ocrx_word' id='word_1_40' title='bbox 333 1332 482 1364; x_wconf 87' lang='lat' dir='ltr'>Orchidis</span> <span class='ocrx_word' id='word_1_41' title='bbox 496 1332 743 1375; x_wconf 82' lang='lat' dir='ltr'>descriptionem</span> <span class='ocrx_word' id='word_1_42' title='bbox 761 1332 942 1364; x_wconf 85' lang='lat' dir='ltr'>botanicam</span> <span class='ocrx_word' id='word_1_43' title='bbox 960 1333 1149 1375; x_wconf 84' lang='lat' dir='ltr'><strong>specialem,</strong></span> <span class='ocrx_word' id='word_1_44' title='bbox 1171 1345 1244 1377; x_wconf 81' lang='lat' dir='ltr'>quae</span> <span class='ocrx_word' id='word_1_45' title='bbox 1258 1341 1414 1376; x_wconf 78' lang='lat' dir='ltr'>praeterea</span> <span class='ocrx_word' id='word_1_46' title='bbox 1432 1336 1467 1367; x_wconf 88' lang='lat' dir='ltr'>in</span> 
     </span>
     <span class='ocr_line' id='line_1_11' title="bbox 130 1384 1469 1431; baseline 0.001 -12"><span class='ocrx_word' id='word_1_47' title='bbox 130 1386 270 1419; x_wconf 61' lang='lat' dir='ltr'>secunda</span> <span class='ocrx_word' id='word_1_48' title='bbox 290 1390 381 1429; x_wconf 85' lang='lat' dir='ltr'>parte</span> <span class='ocrx_word' id='word_1_49' title='bbox 400 1385 499 1416; x_wconf 82' lang='lat' dir='ltr'>nostri</span> <span class='ocrx_word' id='word_1_50' title='bbox 518 1384 665 1428; x_wconf 90' lang='lat' dir='ltr'>opusculi</span> <span class='ocrx_word' id='word_1_51' title='bbox 683 1385 884 1425; x_wconf 83' lang='lat' dir='ltr'>invenietur,</span> <span class='ocrx_word' id='word_1_52' title='bbox 901 1396 1016 1418; x_wconf 88' lang='lat' dir='ltr'>verum</span> <span class='ocrx_word' id='word_1_53' title='bbox 1032 1387 1128 1417; x_wconf 85' lang='lat' dir='ltr'>etiam</span> <span class='ocrx_word' id='word_1_54' title='bbox 1143 1386 1306 1419; x_wconf 83' lang='lat' dir='ltr'><strong>historiam</strong></span> <span class='ocrx_word' id='word_1_55' title='bbox 1323 1387 1393 1431; x_wconf 85' lang='lat' dir='ltr'>ejus</span> <span class='ocrx_word' id='word_1_56' title='bbox 1408 1400 1469 1420; x_wconf 84' lang='lat' dir='ltr'>na-</span> 
     </span>
     <span class='ocr_line' id='line_1_12' title="bbox 130 1438 1469 1482; baseline 0.001 -10"><span class='ocrx_word' id='word_1_57' title='bbox 130 1440 268 1472; x_wconf 84' lang='lat' dir='ltr'>turalem</span> <span class='ocrx_word' id='word_1_58' title='bbox 284 1438 551 1478; x_wconf 83' lang='lat' dir='ltr'>describeremus,</span> <span class='ocrx_word' id='word_1_59' title='bbox 568 1438 688 1470; x_wconf 88' lang='lat' dir='ltr'>scilicet</span> <span class='ocrx_word' id='word_1_60' title='bbox 703 1439 809 1469; x_wconf 89' lang='lat' dir='ltr'>omnia</span> <span class='ocrx_word' id='word_1_61' title='bbox 825 1438 998 1481; x_wconf 81' lang='lat' dir='ltr'>peculiaria</span> <span class='ocrx_word' id='word_1_62' title='bbox 1014 1440 1087 1472; x_wconf 82' lang='lat' dir='ltr'>vitae</span> <span class='ocrx_word' id='word_1_63' title='bbox 1101 1439 1327 1482; x_wconf 73' lang='lat' dir='ltr'>phaenomena,</span> <span class='ocrx_word' id='word_1_64' title='bbox 1343 1442 1469 1473; x_wconf 86' lang='lat' dir='ltr'>omnia-</span> 
     </span>
     <span class='ocr_line' id='line_1_13' title="bbox 132 1491 1468 1538; baseline 0.001 -13"><span class='ocrx_word' id='word_1_65' title='bbox 132 1505 196 1538; x_wconf 88' lang='lat' dir='ltr'>que</span> <span class='ocrx_word' id='word_1_66' title='bbox 209 1493 371 1525; x_wconf 81' lang='lat' dir='ltr'>observata</span> <span class='ocrx_word' id='word_1_67' title='bbox 384 1492 501 1535; x_wconf 91' lang='lat' dir='ltr'>quibus</span> <span class='ocrx_word' id='word_1_68' title='bbox 511 1492 617 1523; x_wconf 91' lang='lat' dir='ltr'>locum</span> <span class='ocrx_word' id='word_1_69' title='bbox 630 1491 746 1523; x_wconf 82' lang='lat' dir='ltr'><strong>dedere</strong></span> <span class='ocrx_word' id='word_1_70' title='bbox 758 1498 821 1523; x_wconf 88' lang='lat' dir='ltr'>tam</span> <span class='ocrx_word' id='word_1_71' title='bbox 835 1492 983 1523; x_wconf 88' lang='lat' dir='ltr'>Orchidis</span> <span class='ocrx_word' id='word_1_72' title='bbox 993 1493 1149 1525; x_wconf 82' lang='lat' dir='ltr'>Latisoliae</span> <span class='ocrx_word' id='word_1_73' title='bbox 1159 1494 1296 1537; x_wconf 84' lang='lat' dir='ltr'>speciale</span> <span class='ocrx_word' id='word_1_74' title='bbox 1306 1495 1449 1527; x_wconf 87' lang='lat' dir='ltr'>studium</span> <span class='ocrx_word' id='word_1_75' title='bbox 1459 1520 1468 1535; x_wconf 89' lang='lat'><em>‚</em></span> 
     </span>
     <span class='ocr_line' id='line_1_14' title="bbox 133 1545 1467 1590; baseline 0.001 -12"><span class='ocrx_word' id='word_1_76' title='bbox 133 1558 230 1590; x_wconf 88' lang='lat' dir='ltr'>quam</span> <span class='ocrx_word' id='word_1_77' title='bbox 253 1546 378 1590; x_wconf 85' lang='lat' dir='ltr'>generis</span> <span class='ocrx_word' id='word_1_78' title='bbox 396 1545 436 1577; x_wconf 92' lang='lat' dir='ltr'>ad</span> <span class='ocrx_word' id='word_1_79' title='bbox 456 1545 542 1588; x_wconf 90' lang='lat' dir='ltr'>quod</span> <span class='ocrx_word' id='word_1_80' title='bbox 557 1546 698 1588; x_wconf 80' lang='lat' dir='ltr'>pertinet</span> <span class='ocrx_word' id='word_1_81' title='bbox 716 1546 875 1577; x_wconf 84' lang='lat' dir='ltr'>institutio</span> <span class='ocrx_word' id='word_1_82' title='bbox 894 1551 926 1576; x_wconf 89' lang='lat' dir='ltr'>et</span> <span class='ocrx_word' id='word_1_83' title='bbox 940 1546 1145 1578; x_wconf 80' lang='lat' dir='ltr'>scientiarum</span> <span class='ocrx_word' id='word_1_84' title='bbox 1161 1546 1336 1579; x_wconf 83' lang='lat' dir='ltr'>hodiernus</span> <span class='ocrx_word' id='word_1_85' title='bbox 1356 1554 1467 1580; x_wconf 89' lang='lat' dir='ltr'>status.</span> 
     </span>
     <span class='ocr_line' id='line_1_15' title="bbox 92 1598 1470 1644; baseline 0.001 -13"><span class='ocrx_word' id='word_1_86' title='bbox 92 1605 94 1607; x_wconf 74' lang='grc'><strong><em>’</em></strong></span> <span class='ocrx_word' id='word_1_87' title='bbox 132 1599 272 1644; x_wconf 88' lang='lat' dir='ltr'>Objiciet</span> <span class='ocrx_word' id='word_1_88' title='bbox 291 1599 422 1630; x_wconf 86' lang='lat' dir='ltr'>fortasse</span> <span class='ocrx_word' id='word_1_89' title='bbox 445 1598 559 1641; x_wconf 81' lang='lat' dir='ltr'>aliquis</span> <span class='ocrx_word' id='word_1_90' title='bbox 577 1610 706 1630; x_wconf 83' lang='lat' dir='ltr'>necesse</span> <span class='ocrx_word' id='word_1_91' title='bbox 730 1610 796 1630; x_wconf 91' lang='lat' dir='ltr'>esse</span> <span class='ocrx_word' id='word_1_92' title='bbox 818 1605 873 1639; x_wconf 81' lang='lat' dir='ltr'>ut,</span> <span class='ocrx_word' id='word_1_93' title='bbox 895 1605 970 1631; x_wconf 86' lang='lat' dir='ltr'>ante</span> <span class='ocrx_word' id='word_1_94' title='bbox 993 1601 1116 1640; x_wconf 83' lang='lat' dir='ltr'>omnia,</span> <span class='ocrx_word' id='word_1_95' title='bbox 1137 1601 1225 1631; x_wconf 89' lang='lat' dir='ltr'>notio</span> <span class='ocrx_word' id='word_1_96' title='bbox 1243 1600 1391 1643; x_wconf 72' lang='lat' dir='ltr'>quaedam</span> <span class='ocrx_word' id='word_1_97' title='bbox 1410 1612 1470 1632; x_wconf 79' lang='lat' dir='ltr'>ex-</span> 
     </span>
     <span class='ocr_line' id='line_1_16' title="bbox 131 1651 1469 1696; baseline 0.001 -11"><span class='ocrx_word' id='word_1_98' title='bbox 131 1660 231 1685; x_wconf 85' lang='lat' dir='ltr'>ternae</span> <span class='ocrx_word' id='word_1_99' title='bbox 242 1658 430 1692; x_wconf 77' lang='lat' dir='ltr'>structurae,</span> <span class='ocrx_word' id='word_1_100' title='bbox 446 1657 478 1683; x_wconf 89' lang='lat' dir='ltr'>et</span> <span class='ocrx_word' id='word_1_101' title='bbox 493 1653 669 1694; x_wconf 75' lang='lat' dir='ltr'>praesertim</span> <span class='ocrx_word' id='word_1_102' title='bbox 681 1651 851 1695; x_wconf 81' lang='lat' dir='ltr'>descriptio</span> <span class='ocrx_word' id='word_1_103' title='bbox 862 1652 1006 1684; x_wconf 86' lang='lat' dir='ltr'>botanica</span> <span class='ocrx_word' id='word_1_104' title='bbox 1021 1652 1138 1696; x_wconf 77' lang='lat' dir='ltr'>plantae</span> <span class='ocrx_word' id='word_1_105' title='bbox 1150 1655 1401 1696; x_wconf 67' lang='lat' dir='ltr'>praemittantur:</span> <span class='ocrx_word' id='word_1_106' title='bbox 1414 1655 1469 1686; x_wconf 88' lang='lat' dir='ltr'>sed</span> 
     </span>
     <span class='ocr_line' id='line_1_17' title="bbox 132 1705 1470 1751; baseline 0 -12"><span class='ocrx_word' id='word_1_107' title='bbox 132 1707 222 1739; x_wconf 86' lang='lat' dir='ltr'>nobis</span> <span class='ocrx_word' id='word_1_108' title='bbox 237 1707 332 1738; x_wconf 86' lang='lat' dir='ltr'>liceat</span> <span class='ocrx_word' id='word_1_109' title='bbox 345 1706 466 1745; x_wconf 88' lang='lat' dir='ltr'>dicere,</span> <span class='ocrx_word' id='word_1_110' title='bbox 479 1705 725 1749; x_wconf 86' lang='lat' dir='ltr'>descriptionem</span> <span class='ocrx_word' id='word_1_111' title='bbox 737 1718 833 1749; x_wconf 86' lang='lat' dir='ltr'>quam</span> <span class='ocrx_word' id='word_1_112' title='bbox 846 1718 920 1738; x_wconf 82' lang='lat' dir='ltr'>mox</span> <span class='ocrx_word' id='word_1_113' title='bbox 936 1717 1148 1749; x_wconf 79' lang='lat' dir='ltr'>exponemuS‚</span> <span class='ocrx_word' id='word_1_114' title='bbox 1164 1707 1249 1738; x_wconf 86' lang='lat' dir='ltr'>inter</span> <span class='ocrx_word' id='word_1_115' title='bbox 1259 1707 1315 1739; x_wconf 85' lang='lat' dir='ltr'>has</span> <span class='ocrx_word' id='word_1_116' title='bbox 1326 1707 1470 1751; x_wconf 89' lang='lat' dir='ltr'>descrip—</span> 
     </span>
     <span class='ocr_line' id='line_1_18' title="bbox 134 1759 1471 1804; baseline 0.001 -12"><span class='ocrx_word' id='word_1_117' title='bbox 134 1762 237 1792; x_wconf 84' lang='lat' dir='ltr'>tiones</span> <span class='ocrx_word' id='word_1_118' title='bbox 252 1771 318 1792; x_wconf 86' lang='lat' dir='ltr'>esse</span> <span class='ocrx_word' id='word_1_119' title='bbox 332 1759 565 1792; x_wconf 84' lang='lat' dir='ltr'>numerandam</span> <span class='ocrx_word' id='word_1_120' title='bbox 575 1784 583 1800; x_wconf 87' lang='lat'>‚</span> <span class='ocrx_word' id='word_1_121' title='bbox 602 1771 740 1803; x_wconf 84' lang='lat' dir='ltr'>quarum</span> <span class='ocrx_word' id='word_1_122' title='bbox 756 1761 898 1793; x_wconf 78' lang='lat' dir='ltr'>extensio</span> <span class='ocrx_word' id='word_1_123' title='bbox 918 1760 999 1791; x_wconf 89' lang='lat' dir='ltr'>nihil</span> <span class='ocrx_word' id='word_1_124' title='bbox 1015 1760 1140 1791; x_wconf 84' lang='lat' dir='ltr'>confert</span> <span class='ocrx_word' id='word_1_125' title='bbox 1160 1760 1200 1791; x_wconf 89' lang='lat' dir='ltr'>ad</span> <span class='ocrx_word' id='word_1_126' title='bbox 1214 1761 1355 1792; x_wconf 82' lang='lat' dir='ltr'>strictam</span> <span class='ocrx_word' id='word_1_127' title='bbox 1371 1772 1471 1804; x_wconf 87' lang='lat' dir='ltr'>vege—</span> 
     </span>
     <span class='ocr_line' id='line_1_19' title="bbox 135 1813 1470 1857; baseline -0.001 -11"><span class='ocrx_word' id='word_1_128' title='bbox 135 1814 240 1846; x_wconf 85' lang='lat' dir='ltr'>tabilis</span> <span class='ocrx_word' id='word_1_129' title='bbox 259 1814 422 1845; x_wconf 90' lang='lat' dir='ltr'>notionem</span> <span class='ocrx_word' id='word_1_130' title='bbox 443 1813 717 1856; x_wconf 76' lang='lat' dir='ltr'>perspiciendam3</span> <span class='ocrx_word' id='word_1_131' title='bbox 733 1825 808 1845; x_wconf 88' lang='lat' dir='ltr'>nam</span> <span class='ocrx_word' id='word_1_132' title='bbox 830 1813 869 1845; x_wconf 87' lang='lat' dir='ltr'>ad</span> <span class='ocrx_word' id='word_1_133' title='bbox 883 1813 967 1845; x_wconf 87' lang='lat' dir='ltr'>hanc</span> <span class='ocrx_word' id='word_1_134' title='bbox 982 1813 1233 1857; x_wconf 84' lang='lat' dir='ltr'>cognoscendam</span> <span class='ocrx_word' id='word_1_135' title='bbox 1251 1813 1368 1846; x_wconf 82' lang='lat' dir='ltr'>suflicit</span> <span class='ocrx_word' id='word_1_136' title='bbox 1387 1814 1470 1845; x_wconf 79' lang='lat' dir='ltr'>bena</span> 
     </span>
     <span class='ocr_line' id='line_1_20' title="bbox 138 1864 1471 1911; baseline -0.001 -12"><span class='ocrx_word' id='word_1_137' title='bbox 138 1868 261 1911; x_wconf 87' lang='lat' dir='ltr'>phrasis</span> <span class='ocrx_word' id='word_1_138' title='bbox 276 1867 437 1910; x_wconf 85' lang='lat' dir='ltr'>specifica,</span> <span class='ocrx_word' id='word_1_139' title='bbox 460 1864 732 1910; x_wconf 81' lang='lat' dir='ltr'>quemadmodum</span> <span class='ocrx_word' id='word_1_140' title='bbox 754 1878 812 1898; x_wconf 91' lang='lat' dir='ltr'>nos</span> <span class='ocrx_word' id='word_1_141' title='bbox 830 1867 946 1898; x_wconf 88' lang='lat' dir='ltr'>docent</span> <span class='ocrx_word' id='word_1_142' title='bbox 965 1866 1165 1898; x_wconf 87' lang='lat' dir='ltr'>celeberrimi</span> <span class='ocrx_word' id='word_1_143' title='bbox 1185 1867 1323 1899; x_wconf 82' lang='lat' dir='ltr'>botanici</span> <span class='ocrx_word' id='word_1_144' title='bbox 1339 1873 1371 1898; x_wconf 88' lang='lat' dir='ltr'>et</span> <span class='ocrx_word' id='word_1_145' title='bbox 1386 1868 1471 1898; x_wconf 87' lang='lat' dir='ltr'>inter</span> 
     </span>
     <span class='ocr_line' id='line_1_21' title="bbox 137 1920 1471 1964; baseline -0.001 -11"><span class='ocrx_word' id='word_1_146' title='bbox 137 1933 190 1953; x_wconf 91' lang='lat' dir='ltr'>eos</span> <span class='ocrx_word' id='word_1_147' title='bbox 208 1921 357 1964; x_wconf 78' lang='lat' dir='ltr'>princeps</span> <span class='ocrx_word' id='word_1_148' title='bbox 371 1920 534 1961; x_wconf 71' lang='lat' dir='ltr'>Scienfiae,</span> <span class='ocrx_word' id='word_1_149' title='bbox 551 1921 732 1958; x_wconf 76' lang='lat' dir='ltr'>Linnoech,</span> <span class='ocrx_word' id='word_1_150' title='bbox 754 1921 790 1952; x_wconf 89' lang='lat' dir='ltr'>in</span> <span class='ocrx_word' id='word_1_151' title='bbox 813 1920 894 1952; x_wconf 83' lang='lat' dir='ltr'>libro</span> <span class='ocrx_word' id='word_1_152' title='bbox 915 1920 969 1953; x_wconf 79' lang='lat' dir='ltr'>cui</span> <span class='ocrx_word' id='word_1_153' title='bbox 985 1920 1114 1952; x_wconf 89' lang='lat' dir='ltr'>titulus:</span> <span class='ocrx_word' id='word_1_154' title='bbox 1135 1920 1357 1952; x_wconf 87' lang='lat' dir='ltr'>Fundamenta</span> <span class='ocrx_word' id='word_1_155' title='bbox 1378 1920 1471 1951; x_wconf 84' lang='lat' dir='ltr'>bota-</span> 
     </span>
     <span class='ocr_line' id='line_1_22' title="bbox 137 1972 1472 2018; baseline -0.001 -12"><span class='ocrx_word' id='word_1_156' title='bbox 137 1976 226 2016; x_wconf 83' lang='lat' dir='ltr'>nica,</span> <span class='ocrx_word' id='word_1_157' title='bbox 247 1981 281 2006; x_wconf 87' lang='lat' dir='ltr'>et</span> <span class='ocrx_word' id='word_1_158' title='bbox 305 1975 339 2006; x_wconf 89' lang='lat' dir='ltr'>in</span> <span class='ocrx_word' id='word_1_159' title='bbox 364 1974 433 2018; x_wconf 84' lang='lat' dir='ltr'>ejus</span> <span class='ocrx_word' id='word_1_160' title='bbox 454 1974 658 2018; x_wconf 64' lang='lat' dir='ltr'>Philosophia</span> <span class='ocrx_word' id='word_1_161' title='bbox 677 1973 834 2006; x_wconf 69' lang='lat' dir='ltr'>botanica.</span> <span class='ocrx_word' id='word_1_162' title='bbox 864 1975 1014 2005; x_wconf 87' lang='lat' dir='ltr'>Attamen</span> <span class='ocrx_word' id='word_1_163' title='bbox 1034 1979 1072 2006; x_wconf 89' lang='lat' dir='ltr'>ut</span> <span class='ocrx_word' id='word_1_164' title='bbox 1092 1973 1276 2017; x_wconf 81' lang='lat' dir='ltr'>diligentius</span> <span class='ocrx_word' id='word_1_165' title='bbox 1301 1979 1334 2005; x_wconf 81' lang='lat' dir='ltr'>et</span> <span class='ocrx_word' id='word_1_166' title='bbox 1358 1972 1472 2018; x_wconf 85' lang='lat' dir='ltr'>majori</span> 
     </span>
     <span class='ocr_line' id='line_1_23' title="bbox 139 2027 1469 2072; baseline -0.002 -11"><span class='ocrx_word' id='word_1_167' title='bbox 139 2028 257 2063; x_wconf 58' lang='lat' dir='ltr'>fiducia</span> <span class='ocrx_word' id='word_1_168' title='bbox 273 2028 363 2072; x_wconf 87' lang='lat' dir='ltr'>operi</span> <span class='ocrx_word' id='word_1_169' title='bbox 383 2027 584 2070; x_wconf 81' lang='lat' dir='ltr'>incumbam,</span> <span class='ocrx_word' id='word_1_170' title='bbox 601 2029 767 2061; x_wconf 86' lang='lat' dir='ltr'>Lectorem</span> <span class='ocrx_word' id='word_1_171' title='bbox 782 2027 976 2063; x_wconf 82' lang='lat' dir='ltr'>benevolum</span> <span class='ocrx_word' id='word_1_172' title='bbox 992 2029 1089 2061; x_wconf 87' lang='lat' dir='ltr'>etiam</span> <span class='ocrx_word' id='word_1_173' title='bbox 1105 2034 1202 2071; x_wconf 78' lang='lat' dir='ltr'>atque</span> <span class='ocrx_word' id='word_1_174' title='bbox 1222 2028 1319 2060; x_wconf 78' lang='lat' dir='ltr'>etlam</span> <span class='ocrx_word' id='word_1_175' title='bbox 1339 2038 1469 2071; x_wconf 88' lang='lat' dir='ltr'>precor,</span> 
     </span>
    </p>
   </div>
  </div>
 </body>
</html>
