1809 2469
903 221 1015 265 (54)

341 298 495 329 Praeterea
516 302 618 328 motus
637 294 816 327 reflexionis
831 293 1015 326 observatur
1034 295 1068 325 in
1086 295 1192 327 ovario
1216 295 1227 337 (
1244 296 1324 327 Tah.
1339 297 1413 328 VI.
1422 297 1489 340 fig.
1508 298 1538 328 1.
1555 297 1624 339 ab)

299 350 384 394 quod
404 350 562 393 passivum
583 350 676 381 etiam
695 355 740 380 est
756 350 789 379 in
804 348 857 379 illo
872 354 962 379 motu
976 347 1067 392 cujus
1083 359 1174 379 causa
1193 348 1312 391 pendet
1329 348 1367 380 ab
1382 350 1576 381 attractionis
1591 350 1622 381 vi

299 404 361 447 qu&
382 403 495 435 corolla
519 414 575 434 seu
597 402 813 446 perianthium
835 412 941 433 versus
964 400 1074 432 lumen
1096 407 1128 431 et
1148 401 1284 432 calorem
1308 401 1379 432 solis
1402 401 1550 433 allicitur.
1576 402 1623 433 Ut

300 468 415 500 nempe
436 468 506 500 pars
527 456 578 487 illa
596 467 691 498 quam
711 455 864 498 plurimos
882 453 1012 484 luminis
1033 453 1144 484 directi
1167 454 1269 485 radios
1291 456 1436 497 recipiat,
1463 455 1568 486 fornix
1591 461 1623 486 et

298 510 451 542 labellum
466 510 584 541 directe
599 509 659 540 illis
676 508 769 539 radiis
784 507 906 538 obstare
921 506 1054 547 debent,
1073 508 1138 539 sive
1150 519 1276 539 necesse
1294 514 1340 539 est
1357 514 1392 539 ut
1407 507 1500 550 plana
1513 519 1625 539 eorum

300 564 480 606 superficies
500 562 648 605 parallela
669 561 834 592 directioni
856 559 1017 591 radiorum
1041 559 1163 591 evadat.
1188 561 1263 592 Haec
1288 561 1426 591 conditio
1445 567 1512 592 tum
1532 560 1625 591 deni-

301 628 363 660 que
381 616 550 659 impletur,
574 627 674 659 quum
695 615 750 646 flos
771 613 931 656 obliquam
952 619 1009 645 aut
1032 613 1214 644 verticalem
1236 615 1422 656 positionem
1448 614 1565 645 induit.

343 669 449 701 Altera
471 669 597 700 taudem
617 669 736 711 species
762 673 866 698 motus
888 666 1008 697 scilicet
1029 666 1167 697 lateralis
1190 668 1225 697 in
1249 667 1355 698 ovario
1380 666 1580 699 observatur:
1606 666 1624 697 ἐι

299 724 397 754 latere
416 722 569 765 rejicitur.
592 722 756 753 Passivum
774 721 869 751 etiam
888 725 935 749 est
956 719 989 749 in
1010 718 1064 749 illo
1085 725 1174 750 motu
1195 718 1286 762 cujus
1307 730 1399 749 causa
1421 719 1587 749 manifeste
1607 719 1625 750 ὲ

300 776 454 819 positione
469 774 596 806 calcaris
616 780 648 805 et
668 773 868 804 bractearum
888 770 1017 814 pendet.
1044 771 1172 802 Etenim
1192 772 1217 802 si
1236 771 1344 802 oculos
1360 772 1393 801 in
1410 772 1528 814 spicam
1547 782 1625 802 con-

300 829 446 872 jicimus,
477 827 765 859 animadvertemus
796 826 901 856 statim
929 826 963 855 in
988 824 1118 856 floribus
1142 826 1258 868 apertis
1285 831 1317 856 et
1343 825 1449 857 ovario
1473 831 1625 865 curvato,

301 883 455 914 calcarem
475 892 599 925 semper
616 881 667 913 vel
690 881 707 911 ὲ
728 880 841 911 dextro
859 884 915 910 aut
934 879 1059 910 sinistro
1079 877 1176 921 hujus
1194 878 1292 909 latere
1314 877 1403 922 rejici
1423 878 1529 920 (Tab.
1549 878 1625 909 VI.

291 936 359 979 fig.
381 937 412 966 2.
435 935 476 978 d)
499 935 600 966 donec
624 935 657 965 in
681 934 757 965 flore
780 933 930 964 teneriori
953 943 1109 975 organum
1138 932 1220 963 illud
1246 932 1476 963 nectariferum
1501 942 1627 975 semper

301 991 344 1021 ita
370 990 509 1032 positum
529 995 591 1028 est,
612 994 650 1019 ut
679 988 713 1018 in
743 988 881 1018 sectione
902 985 1077 1018 transversa
1098 985 1109 1026 (
1126 986 1207 1016 Tah.
1224 986 1270 1016 V
1267 986 1299 1016 Ι.
1311 985 1379 1027 fig.
1397 985 1433 1016 6'
1444 985 1456 1026 )
1479 991 1626 1016 centrum

303 1043 368 1074 axis
382 1042 496 1073 floralis
511 1042 576 1073 sive
590 1042 683 1084 spicae
698 1040 832 1072 resideat
847 1041 880 1070 in
900 1040 1118 1070 extensionem
1134 1040 1280 1070 diametri
1294 1050 1351 1081 per
1367 1044 1513 1070 centrum
1529 1040 1627 1071 ovarii

303 1103 335 1127 et
367 1096 494 1127 calcaris
523 1095 688 1126 conducti:
724 1094 793 1125 aliis
822 1093 925 1125 verbis
938 1116 946 1132 ‚
983 1092 1085 1123 calcar
1113 1093 1284 1134 apponitur
1317 1091 1401 1122 cauli
1431 1092 1514 1122 inter
1544 1092 1628 1124 hanc

303 1156 336 1180 et
356 1149 510 1181 ovarium.
536 1148 675 1179 Bracteae
701 1146 820 1178 directe
846 1146 959 1177 ovariis
983 1145 1104 1187 origine
1126 1145 1182 1176 su&
1209 1151 1427 1188 opponuntur.
1458 1145 1569 1188 Itaque
1591 1151 1629 1177 ut

304 1204 448 1235 ovarium
466 1213 531 1233 sese
551 1200 766 1240 extendendo,
788 1198 937 1231 corollam
952 1198 992 1230 ad
1011 1198 1113 1230 radios
1132 1198 1304 1230 luminosos
1319 1198 1497 1230 conducere
1515 1199 1628 1241 possit,

303 1267 429 1287 necesse
458 1261 504 1286 est
529 1260 565 1286 ut
590 1254 725 1286 bracteae
754 1253 972 1294 inclinentur,
996 1254 1048 1286 vel
1073 1253 1090 1284 ἐι
1114 1254 1213 1285 latere
1237 1253 1440 1296 rejiciantur:
1471 1252 1525 1284 sed
1548 1252 1630 1283 basis

305 1320 416 1340 eorum
430 1309 492 1339 fixa
508 1313 652 1348 tenetur,
664 1314 697 1339 et
710 1308 826 1339 reactio
839 1319 935 1351 quam
947 1307 1090 1351 praebent
1100 1307 1199 1350 major
1210 1312 1257 1338 est
1266 1317 1363 1349 quam
1374 1306 1420 1338 vis
1431 1306 1528 1338 ovarii
1543 1305 1629 1348 quod

303 1362 402 1404 igitur
421 1373 438 1392 a
456 1361 554 1393 latere
574 1361 700 1393 curvari
715 1360 841 1392 debeat:
862 1361 947 1405 quod
969 1361 1079 1394 rever&
1094 1362 1127 1393 in
1143 1372 1250 1392 rerum
1266 1359 1379 1391 natur&
1395 1359 1501 1391 locum
1520 1358 1628 1390 habet.

866 1467 890 1510 g
934 1468 1063 1499 van.

351 1563 503 1595 Ovarium
533 1568 579 1593 est
605 1563 719 1594 sessile.
760 1563 926 1595 Orificium
953 1565 986 1594 in
1017 1569 1106 1606 parte
1133 1562 1188 1593 su&
1216 1560 1371 1602 superiori
1398 1559 1496 1601 (Vid.
1523 1559 1538 1601 §
1562 1560 1628 1602 65)

307 1616 345 1648 ad
362 1618 464 1648 imum
486 1617 634 1659 gynizum
654 1617 808 1659 positum,
829 1623 861 1648 et
881 1617 1033 1660 poHinem
1054 1617 1209 1659 recipiens
1224 1614 1364 1645 exhibet.
1385 1614 1538 1645 Ovarium
1558 1624 1629 1644 arc—-

306 1671 423 1701 tissime
435 1681 509 1701 cum
521 1669 634 1700 labello
647 1670 867 1714 conjungitur,
881 1669 1151 1713 quemadmodum
1163 1667 1270 1699 videre
1285 1673 1332 1698 est
1347 1666 1427 1697 Tab.
1439 1665 1559 1708 V.fig.
1574 1667 1626 1696 10.

306 1723 343 1754 In
365 1723 484 1755 Pistillo
504 1723 700 1755 desideratur
719 1724 836 1767 stylus,
860 1723 979 1767 praebet
1000 1729 1106 1755 tamen
1127 1723 1238 1764 stigma
1264 1720 1303 1752 de
1324 1731 1388 1763 quo
1408 1719 1503 1750 infra.
