1809 2469
938 223 949 264 <
974 223 1014 262 34
1041 224 1052 264 >

340 300 431 330 facile
460 305 563 342 patet,
595 299 618 329 si
649 298 750 329 radios
774 298 811 328 ab
844 297 897 328 illo
921 296 1046 327 emissos
1071 295 1108 327 ad
1133 295 1268 326 retinam
1295 307 1394 338 usque
1421 297 1653 339 prosequimur.

339 354 468 395 Quippe
492 359 568 383 tunc
595 352 723 383 evidens
748 358 811 389 est,
839 351 938 381 radios
964 349 1092 381 oculum
1114 350 1267 392 ingressos
1290 349 1329 380 ab
1350 349 1445 392 hujus
1469 349 1656 381 humoribus

339 407 444 437 denuo
474 407 622 448 refringi,
652 407 694 436 ita
720 405 869 447 quidem,
902 409 937 434 ut
964 415 981 434 e
1005 414 1151 445 suprema
1183 402 1295 445 objecti
1328 409 1416 444 parte
1443 404 1594 444 progressi
1622 403 1655 433 in

341 459 440 490 fundo
462 459 544 490 oculi
560 459 598 489 ad
620 460 775 496 infimam,
799 463 830 488 et
849 468 887 488 ex
910 458 1016 488 infima
1038 456 1151 499 objecti
1172 462 1261 498 parte
1282 456 1382 487 emissi
1402 456 1434 486 in
1453 456 1552 486 fundo
1571 456 1655 486 oculi

340 513 378 543 ad
400 524 578 554 supremam
601 518 721 554 partem
747 516 871 549 coeant,
897 520 1069 551 omnesque
1090 520 1128 539 ex
1154 509 1294 551 partibus
1319 508 1432 552 objecti
1462 508 1657 539 intermediis

339 572 492 596 exeuntes
515 565 646 596 eandem
674 564 853 595 directionis
878 563 981 605 legem
1005 568 1196 605 sequantur,
1226 562 1303 593 adeo
1333 569 1367 593 ut
1391 563 1508 604 species
1541 562 1655 605 objecti

339 619 372 647 in
398 617 497 647 fundo
522 617 605 648 oculi
632 617 763 647 formata
786 617 817 646 in
840 616 902 646 situ
926 616 1053 645 inverso
1074 616 1172 657 posita
1197 615 1400 652 exhibeatur,
1433 626 1504 656 quae
1528 616 1655 656 praecise

338 681 373 701 ea
399 675 445 700 est
464 669 616 708 conditio,
641 680 711 711 quae
731 668 919 710 requiritur,
942 674 979 699 ut
1000 667 1157 711 objectum
1178 669 1212 699 in
1236 669 1299 699 situ
1320 674 1424 699 erecto
1445 669 1655 699 constitutum

339 723 502 755 videamus
525 723 581 764 (ἢ.

383 776 539 805 Praeterea
560 785 599 805 ex
620 774 806 816 supradictis
829 778 931 815 patet,
954 772 1051 816 hujus
1067 772 1226 814 telescopii
1243 772 1474 815 longitudinem
1490 772 1656 814 adaequare

339 827 549 859 differentiam
569 827 725 857 distantiae
747 826 854 858 focalis
873 826 966 856 lentis
987 825 1149 867 objectivae
1171 831 1266 867 atque
1285 825 1435 863 ocularis,
1457 831 1489 855 et
1508 836 1656 867 campum

339 881 481 919 visionis,
506 881 571 912 sive
595 880 748 922 spatium,
768 879 853 922 quod
875 879 985 910 oculus
1010 890 1074 909 uno
1094 879 1214 910 intuitu
1234 878 1470 921 complectitur,
1494 877 1656 908 terminari

339 934 469 976 pupillae
494 934 640 965 circuitu.

383 1005 422 1035 ΙΙ.
462 1005 497 1034 Τ.
527 1005 765 1045 Kepleriamcm
791 1005 855 1035 sive
881 1006 1156 1041 astmnomicum,
1183 1004 1268 1047 (fig.
1298 1004 1354 1046 2.)
1384 1015 1423 1035 ex
1443 1003 1529 1034 lente
1550 1002 1657 1046 objec-

341 1058 403 1088 tiva
424 1063 518 1099 atque
541 1057 676 1095 oculari,
694 1063 829 1099 utraque
851 1068 1005 1096 convexa,
1024 1058 1067 1088 ita
1088 1058 1312 1099 compositum,
1331 1063 1368 1088 ut
1384 1056 1477 1088 lentis
1494 1055 1656 1099 objectivae

341 1110 430 1140 focus
456 1121 528 1140 cum
550 1110 686 1139 citeriori
705 1109 798 1139 lentis
818 1108 951 1140 ocularis
970 1109 1041 1140 foco
1062 1110 1228 1140 coincidat.

384 1164 466 1193 Lens
491 1162 643 1205 objectiva
667 1162 724 1192 OO
760 1162 873 1205 objecti
899 1162 1065 1205 longinqui
1090 1163 1137 1193 SP
1165 1164 1198 1193 in
1229 1164 1296 1206 ipso
1320 1164 1390 1194 foco
1415 1175 1472 1195 suo
1500 1164 1657 1194 inversam

340 1216 456 1247 format
475 1216 644 1257 imaginem
663 1227 726 1255 ps,
757 1215 850 1246 radiis
875 1226 892 1246 e
913 1221 1033 1257 puncto
1059 1216 1078 1245 S
1108 1217 1238 1258 egressis
1265 1217 1299 1247 in
1324 1228 1361 1252 s,
1391 1222 1424 1247 et
1445 1227 1463 1247 e
1486 1221 1605 1258 puncto
1631 1215 1656 1245 P

340 1269 457 1299 emissis
483 1269 515 1298 in
533 1280 581 1308 J),
609 1267 881 1299 concurrentibus.
911 1269 951 1298 Hi
974 1268 1051 1299 radii
1074 1270 1279 1311 excipiuntur
1298 1281 1314 1299 a
1337 1269 1424 1299 lente
1442 1268 1565 1299 oculari
1588 1269 1656 1306 LL,

341 1321 431 1363 cujus
457 1321 558 1351 minor
583 1326 629 1351 est
653 1320 797 1351 distantia
826 1320 949 1359 socalis,
989 1320 1144 1364 cujusque
1168 1321 1258 1352 focus
1287 1332 1305 1351 c
1327 1332 1400 1352 cum
1435 1321 1656 1351 intersectione

340 1373 485 1415 imaginis
501 1384 546 1412 ps
569 1372 607 1402 ab
629 1383 687 1402 axe
713 1372 755 1402 Cc
774 1369 885 1403 'effecta
908 1373 1067 1404 coincidit.
1096 1373 1151 1403 Uti
1175 1374 1274 1416 igitur
1292 1374 1371 1405 radii
1391 1375 1442 1404 axi
1461 1373 1602 1416 paralleli
1617 1385 1656 1404 ex

341 1433 429 1468 parte
452 1427 592 1468 opposita
612 1427 688 1457 huic
709 1426 786 1457 lenti
807 1427 981 1458 incidentes
1000 1427 1038 1458 ab
1055 1427 1108 1458 illa
1123 1428 1166 1457 ita
1182 1427 1420 1469 refringuntur,
1436 1433 1473 1458 ut
1489 1427 1522 1457 in
1537 1432 1657 1469 puncto

342 1491 359 1509 c
383 1484 588 1517 concurrant,
614 1479 655 1508 ita
678 1479 812 1510 vicissim
839 1479 916 1510 radii
945 1491 962 1510 e
983 1484 1102 1522 puncto
1127 1492 1144 1510 c
1170 1481 1323 1522 progressi
1345 1479 1472 1523 trajecta
1496 1480 1582 1510 lente
1606 1480 1657 1510 axi

342 1532 481 1574 paralleli
507 1537 635 1562 exeunt.
668 1532 758 1563 Radii
782 1543 855 1564 vero
881 1544 899 1563 e
924 1534 1051 1575 punctis
1072 1546 1088 1563 s
1114 1539 1190 1573 etp
1215 1534 1330 1575 egressi
1349 1533 1391 1563 ita
1416 1533 1656 1575 refringuntur,

342 1591 378 1615 ut
399 1585 516 1627 priores
547 1590 640 1615 rectae
663 1596 714 1622 εν,
741 1587 926 1627 posteriores
952 1592 1045 1617 rectae
1070 1598 1117 1628 pr
1137 1585 1277 1628 paralleli
1302 1593 1432 1625 exeant,
1467 1597 1538 1628 quae
1564 1592 1657 1617 rectae

370 1698 414 1725 (⁴)
430 1697 509 1725 Hujus
528 1698 664 1719 assertionis
681 1698 768 1720 veritas
783 1698 812 1720 ad
832 1699 943 1728 oculum,
963 1699 999 1721 nti
1016 1701 1101 1729 ajunt,
1119 1700 1296 1723 demonstratur
1310 1700 1335 1723 iu
1351 1699 1439 1723 scholis
1452 1699 1559 1729 physicis
1570 1698 1657 1722 instru-

342 1740 422 1758 mento
442 1736 574 1766 ingenioso,
594 1737 658 1767 qnod
676 1742 775 1759 vocatur
793 1739 876 1760 oculus
896 1739 1043 1768 artificialis.
1066 1739 1118 1762 Hoc
1138 1744 1217 1762 nutem
1235 1740 1420 1762 instrumentum
1441 1739 1482 1761 ubi
1502 1746 1551 1761 non
1571 1743 1657 1768 praesto

341 1780 387 1802 est,
410 1775 475 1796 illius
490 1776 552 1798 vices
566 1776 637 1798 facile
655 1776 745 1806 expleri
760 1783 858 1806 possunt
874 1779 981 1808 quolibet
998 1779 1066 1801 oculo
1083 1780 1245 1810 quadrupedis
1262 1780 1370 1808 alicujus.
1389 1779 1495 1802 Maxime
1507 1783 1587 1809 autem
1601 1786 1657 1801 con-

342 1816 407 1837 ducit
422 1816 503 1837 oculus
522 1817 620 1842 ovinus,
639 1817 753 1846 quoniam
771 1818 853 1840 ovium
873 1819 1026 1841 morientium
1046 1820 1143 1849 pupillae
1159 1820 1240 1842 minus
1257 1819 1446 1846 contrahuntur,
1466 1826 1537 1848 quam
1556 1819 1581 1841 in
1601 1818 1656 1841 reli-

341 1854 394 1884 quis
410 1855 564 1878 animalibus.
586 1856 701 1885 Capiatur
716 1856 788 1886 igitur
807 1857 891 1880 bulbus
908 1858 970 1880 oculi
989 1859 1070 1886 ovini,
1091 1863 1114 1881 et
1129 1867 1158 1881 ex
1177 1858 1254 1881 fundo
1269 1857 1336 1880 illins
1353 1861 1419 1880 tanta
1435 1857 1589 1880 abscindatur
1604 1864 1656 1887 por<

342 1894 387 1921 tio,
408 1899 497 1924 quanta
513 1902 571 1925 opus
587 1900 633 1922 est,
658 1900 686 1918 ut
704 1895 836 1919 denudetur
851 1897 939 1920 humor
956 1899 1054 1921 vitreus.
1079 1899 1150 1926 (Hoc
1164 1897 1353 1927 experimentum
1374 1896 1490 1920 facillime
1509 1896 1613 1919 succedit
1629 1896 1656 1919 iu

340 1933 409 1955 oculo
427 1933 516 1963 frigore
531 1934 698 1963 condensato.)
718 1935 810 1958 Deinde
826 1936 875 1959 haec
893 1942 1003 1966 apertura
1021 1942 1112 1968 tegatur
1129 1937 1235 1960 orbiculo
1247 1944 1258 1959 e
1269 1937 1352 1959 charta
1367 1937 1419 1958 oleo
1434 1936 1532 1958 madida
1541 1935 1655 1958 formato.

341 1971 449 2002 Denique
468 1973 530 1995 oculi
546 1973 578 1995 sic
593 1973 721 2003 praepnrati
739 1982 794 2003 pars
808 1976 913 1999 anterior
930 1977 1068 1999 obvertntnr
1084 1977 1188 2000 candelae
1202 1983 1319 2005 acceusae,
1339 1980 1363 1999 et
1381 1975 1557 2005 observabitur,
1583 1975 1659 2005 hujus

340 2011 461 2034 flammam
480 2013 504 2035 in
522 2013 628 2036 orbiculo
644 2014 768 2036 chartaceo
785 2016 893 2038 exhiberi
914 2016 1042 2040 inversam.
