1809 2469
923 237 934 280 (
959 238 999 278 48
1023 238 1035 280 )

318 318 490 351 elusionem
509 313 657 353 deduxit,
678 312 763 356 quod
779 311 942 343 circulatio
960 310 1122 353 sanguinis
1138 316 1170 341 et
1185 310 1265 341 actio
1279 309 1500 342 musculorum
1518 308 1636 342 volun-

318 373 468 404 tariorum
497 380 560 399 non
595 366 794 410 dependeant
822 365 861 396 ab
888 364 1053 396 influentia
1085 364 1202 395 directa
1229 366 1403 406 systematis
1434 364 1554 395 nervei.
1586 362 1633 394 Cl.

316 426 469 457 Flourens
485 422 531 464 (1)
549 421 692 465 probavit
708 419 853 463 pluribus
876 418 1117 460 experimentis,
1136 417 1220 460 quod
1240 417 1403 448 circulatio
1418 429 1476 460 ope
1492 415 1635 448 insuffla-

316 479 408 510 tionis
426 481 590 520 protractae
607 476 640 505 in
660 473 849 504 animalibus
875 471 989 502 adultis
1005 477 1162 512 superstes
1180 476 1306 501 maneat
1324 470 1411 501 totali
1428 469 1635 500 destructioni

316 530 490 575 systematis
511 528 637 564 nervei;
667 526 816 568 quodque
841 523 926 566 apud
952 522 1096 554 animalia
1124 534 1231 554 recens
1254 529 1343 562 nata,
1369 528 1439 565 post
1463 522 1543 553 hanc
1561 521 1635 552 des-

317 584 505 615 tructionem
531 581 647 622 absque
667 578 885 609 insufflationis
906 576 1024 608 auxilio
1044 576 1257 618 protrahatur.
1286 577 1456 608 Circulatio
1479 587 1554 617 ergo
1574 586 1635 607 nec

315 636 495 668 immediate
513 645 573 664 nec
593 634 789 663 instantanee
807 641 866 661 nec
881 629 1087 661 essentialiter
1102 629 1141 660 ab
1162 629 1259 660 hocce
1278 636 1444 672 systemate
1464 628 1634 670 dependet.

315 692 463 721 Attamen
484 686 553 727 ejus
573 684 801 728 dependentia,
824 685 881 715 etsi
903 689 1022 714 remota
1044 689 1075 714 et
1096 684 1313 723 consecutiva,
1334 695 1398 714 non
1418 684 1525 714 minus
1543 682 1635 713 realis

314 749 376 782 est,
395 751 532 783 namque
551 750 601 778 ea,
626 737 688 781 qua
704 743 837 780 systema
858 748 1011 768 nei-veum
1026 736 1219 776 destruitur,
1235 737 1356 767 ratione
1379 735 1541 767 circulatio
1556 746 1635 766 con-

315 801 493 832 centiatur,
510 799 543 824 et
562 791 693 835 quidem
709 790 903 822 debilitatur.
926 791 1028 833 Igitur
1048 796 1182 833 systema
1197 801 1353 823 nerveum
1369 789 1522 832 augendae
1539 799 1636 819 ener-

315 851 374 893 giae
395 854 426 879 et
447 845 649 878 diuturnitati
671 844 884 875 circulationis
906 844 1072 875 manifeste
1097 845 1269 875 concurrit.

358 902 406 932 Cl.
422 899 546 942 Segalas
555 897 773 940 D'Etchepare
783 897 830 940 (2)
850 898 1106 940 experimentum
1118 897 1212 927 nimis
1227 896 1370 927 mirabile
1386 901 1526 935 enarrat,
1539 907 1634 938 quam

313 962 351 988 ut
368 955 492 986 silentio
509 951 707 994 praetermitti
726 951 831 993 possit.
856 950 894 981 In
914 950 1008 981 Cavia
1025 949 1146 992 Cobaya
1168 949 1332 991 (Cabiais)
1355 948 1446 992 cujus
1468 948 1634 980 cerebrum

313 1008 432 1052 praevie
448 1012 495 1037 est
514 1005 710 1037 denudatum
723 1028 731 1043 ,
743 1003 841 1045 stylus
855 1004 887 1033 in
905 1003 1096 1033 cerebellum
1113 1003 1138 1032 si
1153 1003 1351 1040 immittitur,
1368 1003 1410 1031 ita
1425 1008 1458 1032 ut
1471 1001 1635 1043 perveniat

314 1062 353 1093 ad
368 1066 489 1104 partem
510 1058 705 1100 superiorem
723 1055 885 1094 medullae,
904 1055 1008 1085 statim
1024 1055 1141 1085 erectio
1158 1055 1245 1096 penis
1260 1054 1365 1085 Iocum
1381 1053 1492 1092 habet3
1509 1059 1541 1084 et
1556 1053 1633 1084 dum

313 1114 412 1158 stylus
429 1114 463 1144 in
484 1110 625 1143 canalem
645 1108 855 1140 vertebralem
876 1118 978 1148 usque
1002 1107 1043 1137 ad
1067 1107 1228 1148 regionem
1253 1106 1430 1137 lumbarem
1455 1106 1635 1147 penetravit

313 1166 480 1211 ejaculatio
500 1165 604 1195 locum
625 1161 754 1200 habuit,
780 1160 857 1191 dum
878 1169 895 1190 e
912 1164 1020 1190 contra
1044 1159 1146 1190 vesica
1172 1159 1328 1198 urinaria,
1352 1159 1446 1189 etiam
1468 1159 1493 1189 si
1513 1159 1634 1200 repleta

314 1220 428 1259 suerit,
458 1218 585 1249 urinam
606 1227 695 1246 suam
715 1214 859 1245 retinuit.
891 1212 1011 1243 Eadem
1032 1212 1242 1255 phaenomena
1268 1212 1477 1244 animadverti
1503 1219 1635 1255 possunt

311 1274 346 1304 in
360 1272 471 1303 iisdem
490 1268 678 1301 animalibus
693 1267 794 1310 capite
810 1266 941 1305 orbatis,
956 1266 1032 1297 dum
1053 1265 1163 1297 eodem
1179 1265 1275 1297 modo
1287 1265 1386 1308 stylus
1398 1277 1523 1297 sursum
1539 1265 1634 1297 deor-

311 1337 382 1357 sum
400 1335 508 1357 versus
531 1324 565 1354 in
590 1321 762 1353 medullam
783 1321 994 1362 immergitur.
1020 1319 1089 1350 Sola
1112 1318 1293 1350 dilaceratio
1314 1318 1435 1349 cerebri
1460 1318 1511 1350 vel
1535 1320 1632 1361 partis

311 1378 470 1411 inferioris
490 1375 639 1408 medullae
657 1385 825 1416 nunquam
847 1372 981 1403 similem
999 1372 1149 1403 effectum
1171 1371 1329 1414 producit.
1352 1371 1439 1402 Idem
1459 1371 1632 1403 dicendum

311 1432 351 1463 de
371 1430 594 1462 dilaceratione
616 1426 781 1466 cerebelli,
806 1425 916 1458 saltem
940 1426 978 1457 ad
1003 1432 1123 1468 partem
1152 1426 1365 1468 superiorem,
1390 1425 1575 1457 inferiorem
1600 1432 1633 1456 et

311 1485 515 1529 posteriorem
535 1483 690 1513 instituta.
707 1481 754 1511 Ex
776 1480 862 1511 hisce
880 1479 1027 1511 omnibus
1041 1478 1267 1510 deducendum
1288 1479 1367 1509 mihi
1387 1478 1530 1517 videtur,
1546 1479 1633 1521 quod

309 1539 422 1570 existat
439 1535 581 1579 specialis
600 1533 729 1577 quidam
746 1544 914 1564 consensus
930 1534 1013 1564 inter
1031 1537 1219 1574 apparatum
1234 1532 1448 1562 excretorium
1468 1532 1632 1573 spermatis

310 1597 341 1622 et
360 1591 443 1621 inter
453 1594 553 1620 certas
571 1586 720 1618 medullae
735 1591 853 1628 partes,
871 1586 926 1629 qui
943 1591 1049 1616 tamen
1063 1596 1128 1616 non
1145 1584 1244 1616 diruit
1259 1584 1369 1624 illum,
1386 1595 1483 1627 quem
1497 1584 1632 1616 existere

310 1645 393 1674 inter
415 1641 582 1673 cerebrum
603 1646 635 1671 et
655 1645 759 1682 partes
778 1638 929 1682 genitales
950 1638 1113 1670 dixerunt.

354 1695 451 1727 Aliud
471 1694 556 1738 quod
576 1693 615 1724 de
636 1692 776 1724 medulla
796 1692 919 1723 institui
940 1692 1196 1734 experimentum
1216 1701 1352 1733 sequens
1369 1690 1449 1722 fuit:
1470 1690 1551 1721 hanc
1571 1690 1639 1726 de—⁴

310 1749 430 1781 nudavi
452 1749 486 1779 in
510 1747 628 1789 iuniori
649 1745 723 1777 Fele
758 1745 797 1775 ad
822 1751 943 1787 partem
965 1744 1148 1775 inferiorem
1172 1744 1422 1775 intumescentiae
1443 1744 1629 1786 superioris,

311 1801 514 1835 transversim
533 1800 671 1831 resecavi
692 1798 852 1829 funiculos
873 1799 1062 1837 anteriores,
1083 1796 1200 1828 animal
1218 1797 1345 1828 nullum
1368 1796 1482 1828 doloris
1502 1797 1628 1839 signum

310 1854 539 1887 manifestavit:
566 1852 621 1883 sed
645 1851 723 1883 dum
752 1851 949 1882 retrahebam
981 1852 1231 1891 intrumentum,
1257 1862 1319 1893 quo
1343 1861 1419 1882 usus
1447 1861 1550 1890 eram,
1590 1850 1640 1883 ad¹

311 1906 471 1940 funiculos
499 1903 703 1944 resecandos,
732 1915 806 1935 casu
835 1904 1020 1936 funiculum
1048 1915 1152 1936 unum
1180 1909 1236 1935 aut
1261 1903 1396 1934 alterum
1424 1904 1628 1945 posteriorem

370 2021 414 2049 (1)
430 2020 461 2043 L.
479 2019 539 2047 cit.,
558 2026 615 2048 pag.
640 2018 692 2048 ¹95-

370 2060 414 2089 (α)
429 2059 516 2083 Ioum.
537 2058 612 2088 phys.
632 2065 706 2087 exp.,
729 2061 789 2079 tom.
810 2057 834 2079 4.
853 2062 880 2079 n0
897 2057 922 2079 5.
941 2064 997 2087 pag.
1016 2064 1069 2086 292.
