1809 2469
806 229 897 274 (3)

231 303 315 335 Hora'i
330 303 375 344 V,
395 303 505 335 diebus
526 303 675 335 Mercurii
691 308 723 333 et
738 303 883 343 Saturni,
905 305 1149 347 Antiquitates
1167 307 1313 339 Graecas
1329 309 1512 352 explicabit.

231 358 366 389 Literas
392 358 544 389 Gallicas
569 356 693 387 docebit
713 356 824 388 diebus
844 357 931 389 Jovis
950 365 982 389 et
1002 358 1135 390 Veneris
1155 360 1232 392 hora
1253 361 1294 392 V.

230 410 260 441 J.
285 411 329 442 Μ.
353 410 553 441 SCHRANT.
588 410 779 440 Historiam
810 410 987 453 Belgicam
1017 413 1195 444 secundum
1224 416 1389 456 proprium
1416 427 1512 447 suum

188 470 391 508 conspectum
412 463 585 502 enarrabit,
610 463 721 494 diebus
743 465 858 503 Lunae,
884 464 992 495 Martis
1016 471 1047 496 et
1069 466 1220 498 Mercurii
1242 468 1318 499 horii
1339 468 1424 499 VIII.

230 518 408 558 Praecepta
424 517 507 558 siyli
525 517 662 559 Belgiei
678 516 780 556 dabit,
797 516 908 549 diebus
925 517 1028 558 JoviS,
1041 518 1177 550 Veneris
1193 526 1225 551 et
1240 520 1387 562 Saturni,
1403 521 1515 554 eadem

186 570 274 601 hora.

229 623 422 654 Historiam
455 622 612 653 Criticam
640 623 830 654 Licet-arum
857 624 1076 667 Belgicaram
1104 626 1207 657 tradet
1237 626 1347 658 diebus
1372 634 1404 659 et
1429 628 1515 659 horis

185 682 292 718 postea
318 676 504 707 indicandis.

231 729 271 760 G.
296 729 352 760 W.
377 729 607 761 RASSMANN.
632 729 727 772 Prcf.
748 730 929 760 Extraorcl.
954 730 1111 763 Universe
1132 733 1280 774 expositis
1304 733 1517 776 Philosophiae

184 781 419 822 fundamentis,
445 782 608 824 Logia-am
634 781 759 812 docebit
781 782 891 814 diebus
913 783 1031 823 Lunae,
1056 784 1180 824 Martis,
1207 785 1293 817 Jovis
1314 792 1346 817 et
1362 786 1515 827 Veneris,

185 833 264 865 hora
288 835 346 864 IX.

229 887 521 927 assetaplzysicam,
551 886 662 918 diebus
683 886 833 918 Mercurii
855 893 887 918 et
907 887 1036 918 Saturni
1058 888 1135 919 hora
1162 890 1220 920 IX.

230 939 422 969 Historiam
443 939 692 980 Philosophiae,
720 939 869 984 adjuncta
896 941 1107 983 explicatione
1130 942 1226 986 liujus
1249 943 1376 977 illiusve
1401 945 1516 990 dialogi

185 991 357 1032 Platonici,
379 992 482 1023 tradet
500 992 612 1024 diebus
631 993 719 1025 Jovis
739 999 771 1024 et
789 994 918 1025 Saturni
938 994 1014 1025 hora
1037 995 1095 1025 XI.

229 1046 387 1076 Praeterea
419 1047 660 1077 exercitationes
690 1047 877 1078 disserendi
906 1053 938 1078 et
969 1048 1168 1089 disputandi
1197 1049 1416 1082 moderabitur
1438 1051 1516 1083 hor&

186 1104 293 1142 postea
315 1098 495 1130 indicanda.

231 1152 261 1182 J.
278 1152 315 1182 R.
337 1152 603 1184 THORBECKE.
629 1152 725 1196 Prof.
749 1155 929 1186 Extraord.
961 1156 1154 1187 Historiam
1175 1157 1321 1199 Europoe
1338 1159 1518 1200 politicam

189 1205 360 1247 explicabit
384 1205 495 1236 diebus
513 1207 630 1245 Lunae,
651 1207 760 1237 Martis
782 1213 814 1237 et
831 1208 931 1247 Jovis,
955 1208 1032 1239 hor&
1048 1209 1106 1239 XI.

232 1257 426 1287 Statisticen
447 1268 521 1288 cum
545 1258 741 1299 generalem,
767 1259 874 1290 habita
897 1261 992 1291 simul
1013 1263 1134 1293 ratione
1160 1264 1394 1306 praecipuarum
1423 1267 1516 1296 Ἐθο-

186 1311 317 1341 nomiae
329 1310 493 1351 politicae
511 1311 670 1352 capitum,
692 1317 762 1341 tum
784 1313 955 1353 specialem
971 1314 1093 1356 Magnae
1111 1314 1302 1356 Britanniae,
1326 1318 1468 1351 Franciae
1484 1325 1517 1350 et

187 1363 301 1394 Patriae
325 1367 458 1403 nostrae,
483 1362 594 1394 diebus
613 1364 732 1404 Lunae,
754 1364 862 1395 Martis
882 1371 914 1396 et
934 1366 1087 1398 Mercurii
1108 1367 1186 1398 hora
1204 1368 1290 1400 VIII.

604 1476 735 1522 Ordo
787 1478 1100 1526 Medicorum.

232 1583 262 1614 J.
279 1583 314 1615 C.
334 1583 422 1614 VAN
444 1583 714 1614 ROTTERDAM.
731 1583 866 1615 Praxin
880 1586 1043 1617 medicam
1058 1587 1199 1629 docebit,
1220 1588 1331 1621 diebus
1346 1591 1513 1632 Mercurii,

187 1637 206 1668 J
208 1638 274 1671 ovis
297 1643 329 1668 et
352 1637 497 1676 Saturni,
523 1637 602 1668 hora
626 1637 766 1668 decimei.

231 1691 330 1722 Porro
344 1691 378 1721 in
392 1690 421 1721 N
423 1692 577 1721 osocomio
592 1690 780 1722 Academico
794 1691 1032 1724 Institutiones
1047 1694 1188 1725 olinieas
1205 1694 1244 1726 ab
1258 1696 1349 1727 initio
1363 1697 1403 1728 ad
1417 1698 1511 1729 finem

188 1743 383 1784 scholarum,
397 1743 475 1775 hora
487 1744 597 1775 media
612 1750 685 1775 ante
699 1756 837 1782 nonam,
852 1745 1085 1787 moderabitur,
1099 1748 1239 1791 exceptis
1250 1749 1361 1781 diebus
1371 1751 1510 1782 Saturni.

231 1798 379 1840 Denique
393 1797 573 1838 Principia
598 1798 838 1839 Therapezctica
845 1822 857 1837 ,
887 1800 1159 1833 Institutionibus
1174 1803 1307 1834 clinici-s·
1325 1804 1508 1846 adaptata,

188 1851 222 1882 in
244 1851 356 1883 eodem
374 1851 560 1882 Nosocomio
582 1852 763 1895 explicabit.

231 1904 262 1935 J.
287 1905 323 1935 L.
346 1904 606 1936 KESTELOOT.
634 1906 868 1939 Institutiones
894 1908 1128 1952 Pathologioe,
1156 1910 1333 1942 seeundum
1359 1923 1511 1955 conspec—

188 1963 258 1989 tum
278 1969 389 1990 suum:
410 1959 586 1989 Elementa
610 1959 855 2004 Patlzologiae,
877 1961 1067 2006 explicabit,
1086 1961 1201 1995 diebus
1217 1964 1335 2005 Lunae,
1357 1964 1464 1997 Martis
1480 1972 1512 1996 et

189 2010 355 2052 Mercurii,
380 2011 457 2043 hora
481 2012 670 2043 undecima..
