1809 2469
896 219 1008 261 (12)

293 308 424 350 tigandis
444 320 480 339 ac
501 306 746 338 determinandis
770 305 916 337 omnibus
936 306 988 345 iis,
1014 317 1085 348 quae
1107 306 1188 337 circa
1209 305 1418 348 phaenomena
1440 317 1607 350 corporum

292 372 466 402 coelestium
487 382 665 402 mensuram
683 376 715 400 et
735 369 893 400 calculum
916 369 1099 400 admittunt.
1131 369 1203 400 Haec
1224 369 1322 411 igitur
1343 369 1471 400 scientia
1494 375 1609 412 praeter

292 436 411 475 ingenii
436 435 559 466 cultum
581 445 639 465 nec
660 434 787 464 lucrum
809 444 868 463 nec
893 432 1072 463 mercedem
1094 431 1183 462 nobis
1203 431 1388 474 pollicetur3
1419 431 1538 473 quippe
1568 442 1609 462 ne

295 498 478 528 millesimus
502 498 635 539 quisque
663 508 793 535 eorum,
820 495 875 538 qui
901 494 947 525 illi
974 505 1100 536 operam
1130 500 1263 533 navant,
1296 505 1332 524 eo
1360 494 1541 536 perveniet,
1574 499 1611 525 ut

295 560 421 590 calculis
443 560 655 590 astronomicis
682 559 801 590 victum
830 568 972 600 quaerere
1000 558 1104 599 possit.
1136 558 1301 596 Quantum
1325 568 1399 588 vero
1427 557 1511 588 illius
1533 568 1612 599 opus

295 628 340 652 est
357 622 394 652 ad
416 623 461 652 rei
481 622 660 653 domesticae
678 621 997 660 administrationem,
1019 632 1166 663 agrorum
1187 621 1347 652 culturam
1366 620 1416 652 vel
1435 620 1507 650 artis
1528 631 1612 650 nau-

295 685 364 715 ticae
384 685 571 715 exercitium
594 685 740 727 vulgare,
760 684 792 715 id
814 695 852 715 ex
869 683 1125 726 ephemeridibus
1146 695 1180 714 ac
1198 683 1312 714 tabulis
1332 683 1484 721 nauticis,
1503 683 1612 724 paucis

296 747 430 778 denariis
455 748 622 789 quotannis
648 747 846 785 coemendis,
871 747 957 777 facili
978 748 1103 789 negotio
1128 747 1287 777 discimus.
1316 747 1473 777 Praeterea
1502 756 1613 776 exem—

294 810 383 852 plum
414 810 552 850 Kepleri
586 821 694 840 omnes
723 820 853 840 monere
875 816 997 852 potest,
1030 810 1112 840 nihil
1135 810 1217 841 lucri
1242 820 1367 852 sperare
1393 809 1432 839 de
1461 809 1613 847 scientia,

296 871 387 914 cujus
412 872 566 914 interpres
593 877 625 902 et
650 872 808 914 legislator
838 873 980 903 omnium
1013 871 1106 902 facile
1138 872 1285 914 princeps
1315 877 1431 902 sortem
1464 877 1614 913 expertus

296 935 352 973 sit,
380 945 450 976 quae
471 934 559 965 nobis
579 935 772 966 occasionem
790 935 924 977 praebuit
946 936 1044 976 ipsius
1065 935 1189 966 tumulo
1209 935 1270 966 hoc
1289 936 1483 978 epigramma
1504 945 1615 966 conse-

299 995 424 1026 crandi:

499 1078 619 1106 Uraniae
645 1085 783 1116 mystam,
809 1090 890 1117 quem
916 1080 1117 1107 concelebrasse
1140 1081 1296 1118 triumphos

555 1128 668 1165 Inqenii
693 1138 816 1155 memma-3
839 1128 934 1155 secula
961 1134 1063 1155 cuneta
1089 1134 1216 1166 stupent,

494 1175 659 1204 Austriaeae
687 1176 797 1204 tandem
822 1178 916 1214 qentia
936 1177 1048 1214 fizritate
1072 1177 1207 1214 pudenda

552 1225 698 1253 Inter-iisse
721 1226 795 1263 fame
822 1225 916 1252 secula
944 1230 1046 1252 cuneta
1073 1224 1172 1252 dolent.

342 1303 429 1334 Nihil
455 1314 530 1334 vero
555 1303 656 1334 secius
683 1303 881 1333 Astronomia
907 1312 1015 1332 omnes
1047 1302 1081 1332 in
1109 1303 1159 1332 sui
1189 1302 1428 1333 admirationem
1456 1304 1538 1345 rapit
1561 1304 1618 1334 ista

299 1364 512 1404 sublimitate,
542 1376 605 1407 qua
634 1364 772 1406 reliquas
800 1373 908 1394 omnes
938 1363 1083 1394 scientias
1107 1364 1287 1406 longissime
1310 1371 1463 1407 superat,
1508 1371 1619 1409 utpote

301 1427 415 1457 mentis
435 1432 548 1457 nostrae
570 1426 733 1457 intuitioni
754 1426 915 1456 infinitum
936 1426 1040 1468 ipsum
1066 1427 1155 1468 quasi
1175 1426 1309 1457 offerens
1334 1422 1430 1469 atque
1454 1427 1617 1459 exhibens.

344 1489 381 1519 In
404 1500 466 1531 qua
489 1488 618 1531 quidem
643 1500 677 1519 re
699 1494 786 1519 tanto
806 1487 956 1531 majorem
978 1488 1063 1520 illius
1084 1490 1148 1521 vim
1171 1489 1340 1529 sentimus,
1366 1496 1486 1532 quanto
1505 1491 1620 1521 minori

302 1551 517 1582 conditionum
543 1557 747 1582 externarum
773 1558 926 1594 apparatu
948 1563 1027 1594 opus
1052 1558 1113 1591 est,
1139 1558 1176 1583 ut
1195 1553 1286 1583 istam
1309 1553 1374 1584 vim
1394 1552 1429 1583 in
1448 1564 1504 1583 nos
1529 1564 1621 1584 exse-

302 1623 371 1644 rere
393 1614 498 1655 possit.
525 1614 653 1645 Etenim
671 1619 708 1644 ut
729 1613 864 1657 disjectis
883 1613 1010 1645 nebulis
1026 1614 1209 1658 fugatisque
1227 1614 1367 1646 nubibus
1386 1615 1524 1647 nitidum
1544 1616 1621 1647 stel-

302 1675 404 1707 larum
425 1676 535 1707 lumen
554 1675 668 1707 blanda
687 1678 855 1709 serenitate
875 1678 964 1709 nobis
984 1678 1120 1710 arrideat
1134 1679 1312 1721 nostrisque
1334 1679 1446 1709 animis
1464 1678 1620 1720 placidam

302 1738 391 1768 istam
423 1738 563 1780 quietem
589 1750 607 1769 e
632 1738 832 1771 sublimitatis
859 1741 1068 1773 admiratione
1089 1747 1328 1784 promanantem
1355 1741 1505 1781 instillet,
1540 1741 1621 1772 nihil

302 1799 388 1831 aliud
413 1801 572 1843 exigitur,
603 1803 662 1832 nisi
687 1809 722 1833 ut
753 1814 872 1845 purum
903 1810 999 1846 atque
1028 1805 1190 1847 integrum
1222 1804 1269 1835 illi
1299 1809 1411 1846 pectus
1441 1803 1619 1834 offeramus.

303 1863 397 1902 Quod
422 1863 477 1894 ubi
502 1863 598 1907 hujus
621 1865 822 1897 sublimitatis
847 1878 941 1898 sensu
961 1868 1059 1899 semel
1083 1867 1233 1899 affectum
1258 1867 1340 1906 fuit,
1368 1878 1448 1899 nova
1471 1867 1621 1898 continuo

305 1926 334 1956 vi
356 1925 511 1958 trahimur
527 1932 626 1969 atque
652 1927 872 1969 sollicitamur,
901 1936 939 1962 ut
959 1930 1052 1973 plura
1074 1931 1176 1962 indies
1199 1931 1238 1962 de
1262 1931 1311 1961 his
1334 1931 1421 1961 astris
1442 1930 1561 1961 discere
1589 1935 1621 1961 et

304 1987 480 2031 intelligere
501 1990 675 2032 cupiamus
706 1990 801 2022 Unde
825 1992 937 2024 ardens
960 1993 1046 2025 istud
1067 1993 1258 2025 desiderium
1279 1994 1400 2032 oritur,
1422 1992 1507 2035 quod
1529 1994 1620 2035 poeta
