1809 2469
882 173 996 216 (22)

269 263 347 295 mira
374 268 440 293 arte
462 261 629 300 confectis,
658 267 689 292 et
709 260 837 304 egregio
859 265 1034 302 apparatu,
1064 260 1233 303 vaporibus
1259 262 1452 303 formandis,
1479 263 1603 296 condu—

269 325 377 357 cendis
391 330 439 365 et,
452 325 484 355 in
497 335 725 367 quemcunque
742 323 873 355 libuerit
890 324 1010 364 locum,
1028 323 1234 368 conjiciendis
1249 325 1378 366 idoneo,
1396 327 1600 371 locupletata.

268 390 388 421 Similia
409 390 605 420 incrementa
627 389 712 431 cepit
734 399 863 431 quoque
888 387 1032 419 collectio
1057 394 1309 430 praeparatorum
1332 391 1600 431 anatomicorum‚

268 452 412 496 supellex
428 451 559 495 physica
580 457 676 494 atque
697 451 856 490 chemica,
883 461 1008 481 necnon
1029 449 1220 482 bibliotheca
1242 452 1436 493 academica,
1458 455 1604 487 omnium

268 527 345 547 vero
364 517 519 556 maxime,
550 516 746 558 augmentis,
775 515 877 557 pretio
903 526 966 546 non
993 515 1099 546 minus
1125 526 1221 558 quam
1248 528 1404 557 numero,
1427 518 1604 562 insignibus

267 581 364 611 ditata
385 579 448 610 fuit
469 579 648 610 academica
670 590 781 610 rerum
801 578 998 610 naturalium
1021 578 1175 610 collectio.

310 644 372 674 Pro
391 649 437 674 tot
456 643 555 686 igitur
581 643 742 686 tantisque
763 642 924 674 beneficiis
945 642 1087 685 prinlum
1113 642 1181 673 Deo
1205 644 1325 686 optimo
1352 645 1491 675 maximo
1515 651 1602 676 tauto

266 706 460 737 ardentiores
485 706 608 748 agimus
629 706 757 748 gratias,
782 711 902 748 quanto
924 705 1023 748 major
1041 716 1152 738 eorum
1175 708 1221 740 vis
1240 713 1337 751 atque
1358 719 1514 740 numerus
1531 710 1603 740 ani-

266 781 356 800 mum
380 775 523 800 nostrum
553 768 718 811 percellit,
753 768 810 800 ubi
837 768 1088 811 pe1·pe11dimUS‚
1121 781 1196 801 cum
1223 770 1284 802 hoc
1311 783 1395 802 anno
1421 772 1603 803 academico

265 832 361 864 simul
384 833 524 875 primuni
549 832 743 863 decennium
764 832 946 871 terminari,
976 843 1034 874 per
1055 832 1140 875 quod
1164 845 1228 864 non
1248 840 1376 866 tantum
1396 841 1512 866 sartam
1534 841 1604 867 tec-

268 903 396 938 tamque
417 896 599 938 praestiterit
620 902 759 927 nostram
780 894 1012 937 rempublicam
1034 895 1225 936 literariarn‚
1244 897 1300 928 sed
1319 898 1408 930 novis
1427 897 1604 929 identidem

266 959 495 990 accessionibus
516 959 642 990 auxerit
663 965 760 1002 atque
781 960 994 990 exornaverit.
1025 959 1188 990 Proximas
1212 966 1315 1002 grates
1341 966 1372 991 et
1394 960 1548 992 debemus
1572 967 1604 992 et

266 1021 475 1064 persolvimus
501 1021 732 1064 Augustissimo
753 1022 847 1064 Regi,
873 1020 966 1064 cujus
987 1020 1156 1052 clementia
1178 1034 1213 1053 ac
1230 1022 1401 1054 liberalitas
1423 1034 1488 1054 non
1509 1023 1603 1055 modo

266 1084 362 1124 nihil,
386 1085 471 1128 quod
491 1091 600 1128 petere
617 1085 664 1116 fas
683 1092 778 1126 esset,
798 1087 973 1125 recusavit,
997 1085 1052 1117 sed
1068 1097 1150 1128 saepe
1170 1092 1282 1129 sponte
1303 1087 1509 1127 condonavit,
1532 1098 1605 1130 quae

265 1155 374 1192 optare
398 1148 546 1192 quidem,
571 1161 635 1180 non
655 1161 783 1192 rogare,
805 1150 873 1181 ausi
897 1149 1073 1181 fueramus.
1099 1150 1248 1192 Denique
1271 1150 1356 1181 Viris
1376 1150 1604 1190 Nobilifflmis,

266 1224 375 1244 rerum
401 1218 579 1243 nostrarum
608 1224 717 1244 curam
743 1212 947 1256 gerentibuS‚
976 1211 1227 1243 obstrictissimos
1253 1224 1309 1243 nos
1330 1214 1520 1256 profitemur
1547 1225 1606 1256 pro

264 1281 420 1318 perpetua
440 1276 497 1306 ista
514 1275 744 1316 sollieitudine,
768 1288 831 1319 qua
854 1277 950 1319 primi
966 1276 1114 1307 decennii
1132 1277 1232 1318 spatio
1248 1276 1443 1308 academiam
1463 1283 1604 1309 nostram

264 1338 303 1370 ad
325 1344 450 1370 tantum
472 1337 556 1369 floris
576 1350 612 1369 ac
633 1338 793 1370 felicitatis
813 1340 978 1383 fastigium
1004 1338 1182 1382 perducere
1207 1344 1406 1382 sategerunt.

308 1403 396 1434 Inter
420 1413 603 1442 successu5‚
636 1402 753 1445 quibus
780 1404 941 1435 academia
963 1410 1068 1435 nostra
1094 1404 1198 1446 gavisa
1222 1408 1285 1442 est,
1312 1413 1377 1433 non
1405 1408 1605 1445 postremum

264 1465 372 1497 locum
394 1471 554 1508 occupant
574 1468 874 1508 commentationes,
897 1479 914 1499 a
936 1466 1142 1510 diligentibus
1160 1472 1193 1498 et
1213 1465 1295 1497 bene
1316 1466 1480 1497 instructis
1499 1465 1606 1498 alum-

264 1529 313 1560 nis
332 1528 371 1560 ad
391 1529 556 1561 solvendas
578 1531 768 1572 quaestiones
789 1543 806 1563 a
827 1530 962 1574 singulis
984 1530 1150 1562 ordinibus
1170 1529 1345 1573 propositas
1364 1528 1454 1560 nobis
1477 1528 1606 1569 oblatae,

265 1604 404 1635 quarum
430 1598 597 1633 auctores,
631 1593 738 1636 palma
766 1594 856 1638 digni
887 1595 1041 1640 judicati,
1078 1593 1141 1638 jam
1168 1592 1298 1637 publice
1334 1592 1546 1624 renunciandi
1574 1597 1607 1624 et

265 1655 413 1698 praemio,
440 1655 665 1698 Angustissimi
686 1651 780 1699 Regis
802 1657 993 1690 liberalitate
1018 1669 1181 1698 concesso,
1204 1656 1434 1689 remunerandi
1451 1662 1543 1695 sunt,
1567 1656 1606 1687 ad

265 1731 362 1761 quam
386 1717 649 1761 jucundissimam
669 1721 813 1752 muneris
838 1723 937 1753 nostri
959 1727 1084 1765 partem
1107 1720 1171 1764 jam
1196 1719 1451 1763 progrediemur.

312 1782 360 1813 Ad
381 1782 426 1812 Te
447 1783 560 1824 igitur,
584 1782 643 1813 Vir
666 1782 862 1824 clarissime,
886 1785 942 1827 qui
967 1785 1097 1816 Senatui
1119 1783 1309 1814 Academico
1330 1782 1369 1814 ab
1388 1783 1465 1814 actis
1480 1794 1528 1822 es,
1549 1794 1607 1814 nos

266 1846 500 1886 convertimus,
526 1846 572 1877 Te
593 1853 755 1889 roganteS‚
783 1854 820 1879 ut
839 1848 911 1879 Tibi
935 1848 1059 1891 placeat
1082 1847 1284 1890 singulorum
1311 1846 1461 1878 ordinum
1487 1845 1606 1889 judicia

267 1908 306 1940 de
328 1909 650 1941 commentationibus
670 1910 820 1943 exhibitis
843 1911 1028 1955 praelegere.
1050 1911 1114 1942 Vos
1132 1922 1207 1943 vero
1229 1910 1485 1950 Commilssones,
1506 1909 1605 1941 nobili

267 1972 371 2015 palma
397 1972 525 2014 publice
550 1972 822 2013 condecornndoe,
848 1975 1040 2014 invitamm,
1070 1980 1108 2006 ut
1137 1973 1274 2017 singuli,
1301 1985 1358 2005 suo
1386 1975 1522 2017 quisque
1545 1984 1606 2005 no-

267 2038 354 2068 mine
379 2036 504 2077 audito,
527 2036 567 2068 ad
586 2048 644 2068 nos
664 2039 830 2070 accedatis.
