1809 2469
862 225 976 269 (86)

255 304 414 341 indicatis,
436 300 644 337 transmittat,
663 297 783 340 quippe
804 298 877 340 qui,
899 309 974 328 cnm
991 299 1163 329 sectionem
1184 298 1282 342 hujus
1301 300 1392 331 nervi
1412 300 1584 341 intulisset,

254 359 303 390 liae
323 363 427 400 partes
442 352 663 386 tantummodo
681 357 801 382 motum
818 351 1011 391 amiserunt,
1026 352 1149 394 integra
1165 359 1350 383 remanente
1366 353 1582 385 sensibilitate.

299 411 346 441 Cl.
369 410 461 452 Mayo
483 408 529 449 (1)
550 407 668 449 pariter
690 405 869 443 contendit,
890 405 975 447 quod
998 405 1100 448 portio
1123 405 1203 436 dura
1226 406 1316 436 nervi
1337 407 1463 448 septimi
1485 407 1584 449 paris,

254 466 319 496 sive
338 462 475 501 facialis,
500 458 721 492 tantummodo
741 469 859 489 nervus
879 458 919 488 sit
941 458 1079 488 motibus
1100 458 1285 490 voluntariis
1309 460 1465 501 proprius.

298 516 346 547 Cl.
365 514 487 557 Bouley
508 513 556 555 (2)
574 516 702 543 enarrat
721 510 974 542 observationem
995 510 1034 540 ad
1055 511 1184 553 Equum
1208 512 1355 551 relatam,
1379 513 1435 555 qui
1456 513 1490 543 in
1511 524 1587 555 per-

254 572 398 602 cussione
426 567 623 604 violentiori,
651 570 772 607 partem
799 563 1004 605 posteriorem
1031 564 1170 594 musculi
1191 565 1367 595 masseteris
1391 565 1588 607 (zigomato-

255 622 448 663 maxillaris)
468 621 502 651 in
520 625 584 650 tota
605 629 661 649 sua
680 616 899 660 profunditate
920 616 1053 648 divisam
1076 617 1247 657 habuerat,
1269 630 1284 648 a
1305 624 1395 661 parte
1416 620 1588 661 posteriore

254 677 294 709 ad
313 676 517 712 inferiorem,
545 673 588 704 ita
609 677 646 703 ut
671 682 789 702 nervus
814 669 935 700 facialis
956 670 1056 701 fuerit
1076 677 1249 711 resecatus,
1273 678 1439 714 postquam
1461 678 1588 704 sanatus

253 731 317 762 fuit
339 739 456 772 equus,
476 726 558 758 labia
575 731 608 756 et
628 724 684 755 alae
705 724 773 754 nasi
798 733 815 753 e
839 721 938 753 latere
964 723 1075 755 dextro
1094 724 1270 766 pendentes
1292 732 1531 766 remanserunt3
1557 732 1590 757 et

253 793 449 828 quamquam
468 778 646 811 naturalem
670 789 758 809 suam
780 776 1019 807 sensibilitatem
1036 784 1141 820 partes
1164 778 1212 809 hae
1233 779 1454 817 retinuissent,
1481 785 1589 810 tamen

252 843 370 869 statum
387 835 548 866 continuae
566 832 767 864 relaxationis
782 830 965 862 induerant.
983 830 1081 862 Addit
1096 831 1219 874 Bouley
1237 831 1322 874 quod
1339 831 1496 874 paralysin
1518 832 1590 875 pal-

253 890 426 934 pebrarum
447 899 512 919 non
534 885 763 924 observaverit,
786 895 896 915 omnes
915 885 1053 916 musculi
1069 887 1125 928 qui
1140 897 1204 916 non
1224 891 1422 917 concurrunt
1440 885 1480 917 ad
1491 878 1590 917 *faciei

254 944 506 986 expressionem,
529 941 563 972 in
585 946 660 971 actu
680 939 903 970 masticationis
923 938 1101 970 immobiles
1122 950 1251 981 quoque
1272 938 1490 970 remanebant.

299 997 347 1028 Cl.
370 996 493 1038 Bouley
516 1006 579 1025 non
605 993 826 1024 observaverat
851 992 1009 1034 paralysin
1036 992 1280 1033 palpebrarum3
1308 992 1368 1022 1100
1389 992 1590 1023 verissimum

253 1061 320 1083 esse
340 1055 459 1092 potest,
479 1047 534 1077 sed
549 1047 609 1076 hoc
626 1045 708 1075 forte
727 1045 874 1086 provenit
894 1055 933 1074 ex
952 1055 1004 1082 eo,
1021 1044 1108 1086 quod
1123 1055 1241 1076 nervus
1261 1044 1381 1074 facialis
1401 1055 1466 1075 non
1484 1044 1592 1076 fuerat

254 1108 413 1135 resecatus
435 1100 472 1131 ad
496 1099 566 1142 ejus
586 1099 708 1129 exitum
726 1107 743 1127 e
759 1096 915 1126 foramine
938 1096 1229 1138 stylo—mastoi'de03
1250 1097 1371 1138 quippe
1392 1097 1448 1138 qui
1472 1108 1590 1128 nervus

255 1156 376 1188 facialis
395 1159 466 1197 post
487 1152 667 1194 aliquarum
689 1150 848 1180 linearum
868 1148 1056 1188 decursum,
1077 1149 1155 1180 dum
1176 1160 1215 1180 ex
1237 1148 1291 1179 illo
1312 1149 1470 1180 foramine
1484 1161 1591 1181 emer-

253 1211 310 1249 sit,
332 1207 494 1239 ramulum
515 1205 648 1243 emittit,
672 1201 981 1245 temporo—facialem
1002 1202 1141 1242 dictum,
1162 1203 1219 1245 qui
1240 1208 1420 1234 antrorsum
1440 1208 1472 1233 et
1492 1214 1591 1246 supe-

254 1264 338 1295 riora
369 1271 478 1293 versus
511 1258 646 1290 tendens
675 1258 709 1288 in
736 1258 802 1299 ipsa
833 1256 971 1286 crassitie
999 1255 1160 1297 glandulae
1185 1255 1356 1298 parotidiS,
1387 1267 1454 1287 sese
1482 1256 1591 1300 dirigit

254 1327 365 1349 versus
380 1313 543 1346 condilum
560 1311 712 1350 maxillae,
730 1309 820 1353 cujus
836 1310 1043 1341 directionem
1060 1310 1218 1349 decussat,
1240 1315 1276 1342 ut
1290 1321 1357 1341 sese
1373 1310 1408 1340 in
1423 1311 1490 1353 ipsa
1506 1316 1591 1342 tem-

254 1382 330 1413 pora
351 1367 528 1411 disperdat,
557 1372 589 1397 et
610 1367 653 1396 510
675 1365 754 1396 rami
776 1364 817 1395 ad
836 1363 1003 1406 palpebras
1024 1363 1192 1395 tendentes
1211 1364 1329 1406 integri
1354 1370 1589 1396 remanserunt.

298 1423 424 1454 Nervus
449 1420 627 1451 acousticus
652 1418 741 1460 (sive
764 1418 867 1460 portio
894 1416 996 1447 mollis
1020 1418 1147 1460 septimi
1168 1417 1252 1459 paris
1277 1416 1454 1448 multorum
1479 1424 1591 1449 anato-

255 1475 435 1516 micorum)
461 1474 624 1517 speciatim
652 1483 770 1503 nervus
794 1477 841 1502 est
864 1482 1037 1510 sensuum,
1068 1471 1124 1513 qui
1147 1481 1214 1501 sese
1241 1470 1275 1500 iu
1299 1481 1377 1500 aure
1402 1470 1529 1501 interna
1554 1477 1591 1502 ut

255 1529 412 1562 auditioni
432 1527 582 1558 inserviat
607 1525 778 1556 distribuit.
1128 1564 1131 1565 V

299 1583 425 1614 Nervus
445 1578 774 1623 glosso-pharingeus,
796 1578 899 1621 portio
920 1579 1022 1609 octavi
1044 1578 1143 1620 paris,
1165 1578 1329 1609 constituit
1352 1588 1493 1620 organon
1516 1588 1591 1609 sen-

256 1636 383 1667 sationis
399 1640 430 1665 et
446 1639 567 1673 motus,
590 1637 711 1663 constat
730 1642 769 1662 ex
784 1630 931 1674 pluribus
948 1630 1124 1662 minoribus
1140 1631 1325 1671 filamentiS,
1347 1636 1379 1662 et
1392 1642 1459 1662 sese
1473 1632 1590 1673 partim

256 1691 290 1721 in
310 1689 435 1732 organis
451 1698 620 1725 sensuum,
637 1692 669 1717 et
689 1686 851 1728 partimin
868 1684 928 1715 illis
945 1690 1092 1716 motuum
1109 1684 1270 1716 distribuit
1281 1685 1420 1727 (nervus
1433 1685 1558 1715 mixtus
1566 1685 1588 1726 ).

301 1742 427 1773 Nervus
452 1739 765 1783 pneumo-gastricus
790 1739 870 1769 sistit
896 1744 1044 1770 octavum
1069 1750 1141 1781 par,
1165 1749 1261 1770 suurn
1287 1749 1404 1769 nomen
1425 1739 1549 1781 accepit
1571 1750 1590 1770 a

257 1795 402 1839 partibus
431 1795 465 1825 in
496 1792 611 1836 quibus
642 1803 707 1822 sese
740 1792 876 1834 projicit.
917 1792 1053 1830 Exitus,
1088 1803 1167 1834 quos
1199 1792 1264 1823 suis
1292 1791 1518 1833 experimentis
1547 1791 1587 1822 cl.

258 1849 413 1888 Brechet,
439 1846 574 1886 Meline,
600 1844 753 1877 Edwards
773 1850 805 1875 et
827 1845 1005 1877 Vavasseur
1029 1845 1239 1878 obtinuerunt
1260 1845 1321 1887 (3),
1345 1844 1480 1888 probant
1503 1845 1590 1888 quod

320 1961 353 1991 (1)
371 1960 435 1983 Bull.
455 1960 579 1987 Ferussac,
600 1959 650 1981 vol.
668 1960 706 1986 11,
724 1966 779 1989 pag.
796 1966 846 1988 ¹09·
866 1958 942 1981 Anat.
959 1963 982 1981 et
999 1959 1071 1989 phys.
1090 1965 1178 1983 comm.
1194 1964 1223 1982 n0
1241 1959 1306 1982 1822.
1328 1966 1382 1990 pag.
1404 1966 1455 1989 107.

321 2001 354 2029 (2)
371 1999 470 2022 Recueil
486 1999 514 2021 de
532 1998 618 2021 me'dic.
638 1998 795 2026 veterinaire‚
815 2002 872 2020 tom.
893 1999 917 2027 1,
936 2005 990 2029 pag.
1006 1998 1042 2021 28.

320 2040 352 2069 (3)
371 2039 429 2063 Vid.
447 2038 548 2063 Archiv.
565 2038 629 2061 med.
648 2037 727 2067 Αοιὶῑ,
749 2038 813 2061 1823.
833 2046 887 2069 pag.
905 2039 958 2068 479.
