1809 2469
764 226 854 268 (9)

150 313 210 346 nisi
225 313 289 344 duo
303 312 435 357 juvenes
449 313 549 344 secuti
560 317 635 343 sunt
653 322 689 342 eo
709 310 777 342 loco
792 312 874 351 nati,
886 317 923 344 ut
936 311 1074 344 officium
1086 314 1245 356 quoddam
1259 316 1291 346 in
1307 317 1470 359 republica

148 377 309 419 suscipere
341 387 406 407 non
436 380 642 418 cogerentur,
675 379 708 404 et
736 374 862 405 nonnisi
890 381 1028 417 quatuor
1060 387 1188 417 eorum,
1226 379 1281 421 qui
1309 379 1472 411 Themidis

152 440 255 473 cultui
275 451 342 471 sese
366 439 567 477 addixerant,
590 448 701 468 cursus
725 448 801 469 vero
825 437 960 469 chemici
983 439 1108 470 nonnisi
1130 450 1231 470 unum
1251 440 1388 472 vidimus
1413 453 1473 474 au-

152 504 285 536 ditorem
311 502 526 535 voluntarium
551 506 670 543 praeter
701 500 828 532 futuros
854 501 1119 542 Pharmaceutas,
1147 514 1284 545 quorum
1308 504 1472 547 plerique,

153 566 327 608 indigentia
350 564 522 608 compulsi,
548 564 698 595 chemicis
724 564 913 596 lectionibus
934 565 1119 608 frequentes
1140 571 1172 597 et
1192 577 1267 597 cum
1290 567 1399 598 fructu
1422 568 1475 599 in-

153 629 346 660 terfuerunt.
376 628 412 658 In
442 627 509 658 aliis
535 638 609 659 vero
633 626 816 666 academiis,
848 628 1008 671 praecipue
1032 629 1066 659 in
1092 630 1299 671 germanicis,
1331 631 1475 662 omnium

153 691 303 723 ordinum
329 690 451 722 alumni
476 690 516 721 ad
539 690 633 722 hasce
658 690 809 721 lectiones
833 691 998 722 turmatim
1021 691 1182 723 confluere
1206 692 1327 733 solent,
1358 694 1383 724 si
1411 705 1476 724 non

154 754 230 794 alio,
256 765 293 785 eo
315 759 400 785 certe
425 754 571 793 consilio,
596 760 634 785 ut
653 754 834 794 inveniant,
861 765 925 797 quo
944 755 1049 785 animo
1073 755 1141 785 aliis
1164 755 1324 787 laboribus
1345 757 1475 799 fatigato

154 818 372 848 laxamentum
395 817 469 848 dare
493 818 621 860 possint.
655 817 813 848 Caeterum
840 827 891 846 me
916 816 976 846 hoc
1004 816 1073 846 loco
1098 828 1179 856 non,
1213 818 1261 848 uti
1288 817 1395 861 ajunt,
1412 831 1476 860 pro

155 881 248 911 domo
273 880 395 918 dicere,
424 879 586 919 omnibus,
612 880 668 921 qui
690 890 741 909 me
766 884 901 918 norunt,
926 890 1112 921 persuasum
1138 890 1204 911 esse
1232 880 1375 920 confido,
1401 881 1478 913 reli—

154 954 231 985 quos
256 942 295 972 ad
317 943 431 973 horum
454 942 609 985 judicium
637 947 733 984 atque
756 942 976 972 auctoritatem
1001 941 1123 985 ablego.

198 1006 253 1036 VI.
283 1006 455 1049 Plerosque
481 1016 498 1036 e
522 1004 725 1045 lectionibus,
753 1004 870 1047 quibus
893 1006 1034 1036 assistere
1057 1005 1127 1048 lege
1157 1012 1324 1046 tenentur,
1352 1008 1479 1039 nonnisi

156 1080 208 1100 eas
226 1069 409 1111 diligentius
429 1069 539 1111 sequi,
565 1067 681 1111 quibus
704 1069 738 1099 in
759 1069 905 1099 examine
924 1068 1036 1100 futuro
1057 1081 1135 1112 opus
1155 1069 1311 1110 habeant,
1336 1081 1387 1101 eas
1404 1082 1478 1103 vero

155 1132 370 1175 negligentius
392 1138 424 1163 et
447 1132 665 1174 perfunctorie
689 1137 842 1171 tractare,
874 1131 913 1162 de
937 1132 1053 1174 quibus
1073 1133 1107 1164 in
1130 1134 1277 1165 examine
1300 1145 1365 1165 non
1387 1145 1479 1177 quae-

155 1201 254 1226 ratur.
281 1195 380 1237 Cujus
399 1196 446 1225 rei
463 1201 557 1226 testes
579 1195 754 1237 gravissimi
771 1200 846 1225 sunt
864 1205 976 1225 cursus
993 1196 1122 1237 Logices
1137 1202 1168 1227 et
1185 1196 1359 1228 Matheseos
1378 1209 1477 1240 purae.

201 1257 340 1288 Cuilibet
360 1257 443 1288 hanc
465 1264 728 1300 argumentorum
752 1258 883 1297 seriem,
908 1269 979 1300 quae
1003 1259 1149 1301 pluribus
1171 1259 1240 1291 aliis
1257 1261 1368 1303 augeri
1388 1261 1481 1292 facile

155 1325 277 1362 posset,
303 1325 423 1350 attento
447 1320 553 1351 animo
578 1320 782 1363 perlustranti
809 1320 946 1351 dubium
972 1332 1038 1352 esse
1065 1333 1129 1353 non
1152 1324 1288 1364 poterit,
1329 1335 1379 1354 me
1407 1323 1478 1367 jure

156 1383 334 1425 meritoque
359 1384 538 1424 asseruisse,
564 1384 597 1414 in
623 1384 717 1428 longe
742 1384 854 1428 majori
874 1381 996 1417 'civium
1022 1391 1202 1417 nostrorum
1228 1386 1481 1419 academicorum

155 1458 290 1478 numero
318 1447 371 1478 vix
398 1447 502 1478 ullum
530 1449 699 1491 vestigium
727 1449 860 1492 reperiri
888 1449 977 1493 ejuS,
1007 1460 1103 1491 quem
1131 1460 1226 1491 supra
1256 1449 1479 1491 definivimus,

157 1509 311 1540 Platonici
336 1510 538 1542 scientiarum
561 1513 685 1542 amoris.
714 1512 794 1543 Cum
817 1523 892 1543 vero
911 1512 1012 1543 omnis
1032 1512 1090 1543 aevi
1110 1511 1247 1543 historiae
1264 1519 1404 1554 constet,
1427 1513 1481 1556 ju-

158 1583 254 1604 venes
279 1572 444 1604 literarum
469 1574 580 1605 studiis
605 1574 762 1615 addictos,
788 1576 845 1618 qui
871 1575 931 1605 hoc
955 1585 1062 1605 amore
1086 1574 1225 1606 destituti
1253 1575 1331 1615 sint,
1356 1577 1482 1606 nonnisi

158 1634 401 1677 proletariorum
421 1637 456 1666 in
476 1637 638 1679 republica
662 1638 799 1670 literaria
817 1649 952 1670 numero
972 1638 1117 1679 augendo
1132 1638 1260 1669 idoneos
1281 1649 1363 1678 esse,
1384 1650 1483 1681 argu-

159 1699 274 1728 mentis
306 1698 406 1729 allatis
436 1699 469 1730 id
500 1711 628 1743 quoque
658 1701 755 1733 simul
779 1713 835 1732 nos
858 1702 987 1735 evicisse
1014 1700 1225 1740 arbitramur,
1262 1701 1483 1742 gravissimum

160 1761 261 1791 omnis
288 1760 459 1792 subtilioris
487 1768 519 1793 et
548 1763 768 1795 fructuosioris
791 1764 942 1795 doctrinae
965 1763 1233 1806 impedimentum
1257 1763 1344 1806 apud
1367 1774 1423 1794 nos
1450 1764 1484 1794 in

161 1822 293 1853 defectu
313 1822 409 1867 hujus
429 1825 541 1855 amoris
564 1836 629 1856 esse
650 1826 869 1869 quaerendum.

206 1885 288 1924 Quae
314 1897 388 1917 cum
412 1888 455 1918 ita
479 1888 560 1928 sint,
589 1888 670 1920 nihil
691 1889 780 1921 nohis
803 1890 965 1933 reliquum
995 1895 1056 1929 est,
1084 1890 1144 1920 nisi
1169 1895 1207 1921 ut
1232 1894 1388 1932 postremo
1414 1888 1482 1919 loco

163 1948 379 1989 ostendamus,
405 1950 520 1992 quibus
546 1953 743 1994 potissimum
768 1953 879 1985 mediis
899 1954 941 1994 is,
967 1965 1064 1997 quem
1088 1953 1318 1992 desideramus,
1341 1952 1484 1983 Platoni—

164 2023 221 2044 cus
240 2013 444 2046 scientiarum
463 2026 550 2047 amor
572 2017 607 2047 in
627 2016 784 2061 juvenum
807 2018 920 2050 animis
939 2017 991 2051 vel
1009 2017 1140 2049 excitari
1159 2017 1270 2059 possit,
1298 2015 1350 2049 vel
1375 2015 1427 2046 ali.

1072 2072 1090 2091 2
