1809 2469
933 215 1027 258 (6)

313 295 417 340 galea
441 292 494 327 vel
521 291 706 325 vexillum.-
740 289 888 333 superius
915 294 972 320 est.
1003 289 1091 320 Inter
1115 301 1152 321 ea
1177 301 1250 333 quae
1280 291 1443 334 superiora
1471 291 1645 333 dicuntur,

315 356 467 394 praeterea
496 347 684 384 referuntur
710 345 868 376 lateralia
899 342 963 375 duo
998 343 1195 386 totidemque
1225 344 1303 375 αἶα».
1332 344 1480 377 Petalum
1510 345 1647 382 inferius

314 405 448 443 unicum
473 407 538 441 est,
568 406 663 443 atque
687 399 815 431 labium
841 403 897 429 aut
924 396 1086 428 labellum
1111 397 1239 428 dicitur.
1268 398 1305 428 In
1327 397 1516 441 quibusdam
1546 409 1648 442 gene—-

314 457 402 495 ribus
422 455 562 487 occurrit
580 453 766 485 Nectarium
787 450 873 494 quod
895 449 1058 481 interdum
1080 451 1224 481 calcaris
1246 451 1345 493 magis
1363 451 1509 483 minusve
1524 453 1647 484 extensi

314 510 486 552 imaginem
507 508 615 547 offert3
641 516 875 547 nonnunquam
901 504 1030 534 omnino
1054 505 1224 536 evanescit.
1256 504 1423 536 Labellum
1444 506 1477 536 in
1500 505 1647 548 pluribus

314 562 479 607 speciebus
495 560 691 604 peculiarem
712 564 853 590 meretur
873 559 1080 588 attentionem
1093 581 1101 597 ,
1124 564 1187 590 tam
1206 565 1337 602 propter
1360 559 1555 602 singularem
1577 559 1647 603 ejus

313 619 466 656 formam,
493 627 589 659 quarn
615 619 745 657 propter
770 613 888 655 figuras
908 611 1024 654 quibus
1046 618 1230 643 exornatur.
1251 612 1441 655 Supersicies
1460 612 1530 656 ejus
1552 613 1647 645 variis

314 677 360 702 est
375 671 521 701 distincta
543 667 716 705 coloribus,
739 672 771 697 et
786 665 877 696 modo
894 676 1029 704 muscae,
1046 665 1139 696 modo
1155 665 1309 705 hominis,
1329 666 1422 697 modo
1438 666 1537 706 simii,
1553 666 1647 698 modo

314 724 410 755 calcei
441 722 490 755 vel
519 722 599 754 alius
627 719 792 764 cujusdam
815 718 930 761 objecti
956 719 1131 760 imaginem
1152 717 1292 748 exhibet.
1316 719 1364 748 Ex
1385 718 1445 749 hac
1469 719 1646 751 formarum

314 777 482 814 varietate,
506 773 722 805 celebritatem
744 771 912 802 Orehideae
932 777 1034 802 nactae
1052 777 1138 802 sunt.

357 828 472 867 Quoad
498 826 711 870 generationis
735 835 873 866 organa,
898 824 1064 866 sequentia
1088 824 1123 854 in
1149 824 1336 855 universum
1361 823 1588 856 observantur:

357 883 414 914 11ae
436 881 553 924 plantae
579 879 722 911 ovarium
746 877 866 908 habent
886 878 1038 916 unicum,
1061 877 1221 917 inferum,
1245 877 1332 920 quod
1353 883 1424 920 post
1444 877 1648 910 fecundatio-

314 948 389 969 uem
411 934 573 978 capsulam
599 932 767 975 producit,
794 932 889 962 unico
913 930 1019 961 loculo
1040 930 1205 972 tribusque
1227 929 1378 970 valvulis,
1401 931 1523 962 semina
1544 930 1649 964 scobi-

314 990 428 1022 formia
452 985 688 1019 continentibus
715 986 913 1015 instructam.
942 983 1039 1014 Stilus
1065 983 1111 1025 (si
1135 983 1197 1014 hoc
1222 984 1353 1014 nomine
1384 983 1550 1026 designare
1572 985 1649 1017 licet

315 1055 471 1088 organum
492 1041 578 1085 quod
601 1040 665 1072 stili
694 1039 876 1070 functiones
896 1037 1046 1080 praestat)
1069 1043 1116 1068 est
1135 1037 1268 1076 unicus,
1294 1037 1573 1078 membranaceus,
1596 1038 1649 1070 vel

315 1107 523 1135 cavernosus,
553 1094 602 1127 vel
623 1104 779 1125 concavus
787 1116 795 1132 ‚
817 1097 924 1123 ortum
945 1090 1064 1121 ducens
1085 1101 1101 1120 a
1121 1089 1187 1121 basi
1208 1090 1379 1132 superioris
1399 1090 1560 1122 divisionis
1584 1092 1649 1123 Pe-

313 1151 444 1183 rianthi.
479 1150 552 1180 Duo
579 1147 695 1178 adsunt
716 1146 866 1184 stamina,
891 1143 983 1175 modo
1005 1142 1138 1182 sessilia,
1166 1142 1260 1175 modo
1286 1142 1447 1174 filamento
1476 1144 1648 1175 innitentia

315 1204 402 1247 quod
427 1213 551 1245 semper
572 1201 724 1232 inseritur
748 1198 866 1242 pistillo
888 1204 920 1229 et
943 1198 977 1228 in
1002 1208 1134 1240 corpore
1163 1207 1333 1229 cavernoso
1359 1197 1514 1239 stigmatis
1540 1197 1648 1230 inclu-

315 1259 413 1291 ditur.
438 1256 606 1296 Anfflerae,
629 1260 772 1297 tempore
794 1251 1047 1292 fecundationis‚
1074 1251 1108 1281 in
1133 1250 1232 1293 spiras
1252 1260 1319 1281 sese
1341 1249 1506 1283 evolvunt.

917 1358 940 1400 g
978 1357 1032 1388 111.

360 1456 528 1501 Quidquid
543 1455 630 1487 hisce
646 1454 685 1485 de
704 1452 799 1485 rebus
818 1452 877 1491 sit,
899 1450 969 1483 haec
986 1449 1107 1481 familia
1122 1449 1264 1480 continet
1280 1459 1381 1492 genus
1396 1447 1518 1480 dictum
1535 1448 1649 1480 Oncnis

315 1515 448 1557 (ορχις,
470 1508 636 1542 testiculus
660 1507 745 1551 (1))‚
775 1505 867 1550 cujus
892 1505 1090 1536 characteres
1112 1508 1203 1534 sunt:

365 1575 497 1607 Corolla
519 1573 574 1604 vel
596 1571 697 1612 caiyx
724 1570 905 1600 coloratum
931 1568 1061 1611 (Juss.)
1087 1579 1147 1598 sex
1173 1567 1355 1598 divisiones
1368 1565 1488 1609 ferens
1504 1565 1650 1609 profun—

316 1641 397 1676 das,
425 1647 568 1680 quarum
592 1634 742 1676 quinque
762 1633 948 1673 superiores
973 1631 1138 1662 interdum
1163 1632 1197 1661 in
1221 1631 1332 1672 specie
1360 1629 1475 1661 Galeoe
1491 1628 1649 1671 jungun-

317 1710 389 1739 tur,
418 1699 555 1743 inferior
575 1703 687 1729 autem
712 1696 834 1728 divisio
862 1695 1005 1738 reflexa,
1029 1700 1190 1731 extensa,
1216 1694 1250 1724 in
1273 1694 1388 1724 calcar
1410 1692 1546 1730 abiens,-
1575 1697 1650 1722 sta-

317 1768 409 1798 mina
442 1764 507 1795 duo
539 1763 574 1793 in
601 1761 737 1803 pistillo
767 1761 909 1796 inserta,
945 1759 979 1789 in
999 1756 1105 1800 fossa
1134 1757 1306 1799 peculiari
1335 1756 1455 1787 clausa
1464 1768 1476 1793 ‚·
1505 1755 1649 1796 capsula

318 1830 484 1871 oblonga5
509 1826 638 1857 semina
660 1824 905 1859 minutissima,
930 1832 1116 1852 numerosa.

362 1893 523 1924 Linnaeus
545 1888 605 1920 hoc
627 1898 728 1931 genus
748 1886 886 1918 breviter
907 1886 951 1916 sic
972 1884 1212 1917 determinavit:

363 1945 560 1978 Nectarium
588 1953 689 1974 cornu
724 1940 866 1984 referens
896 1952 984 1982 pone
1007 1940 1152 1982 florem,
1192 1936 1317 1968 corolla
1353 1936 1507 1977 ringens,
1539 1931 1646 1975 (Syst.

326 1996 1630 2019 Μ

379 2050 422 2080 (ι)
439 2049 477 2072 Ob
492 2047 601 2072 radicum
615 2036 731 2069 'formant
