1809 2469
805 182 817 225 (
841 182 881 214 33
906 180 919 225 )

240 262 363 306 Vagina
389 272 454 293 non
482 260 612 292 omnino
644 258 789 291 tubulata
817 262 882 295 est,
912 265 987 285 nam
1012 252 1127 283 bifarie
1151 249 1191 282 ad
1220 251 1375 294 originem
1403 250 1528 281 laminae

196 317 264 349 folii
286 316 440 348 dividitur
461 315 472 357 (
490 314 571 345 Tah.
593 313 649 345 11.
663 312 732 354 fig.
754 310 808 350 24.
834 309 888 350 b).

240 371 271 402 h.
296 370 428 401 Lamina
450 369 586 400 formam
606 365 682 397 folio
703 362 834 406 praebet.
859 361 977 392 Ortum
997 359 1088 391 ducit
1106 369 1124 390 e
1140 358 1255 401 vagina
1276 369 1348 401 quae
1368 358 1450 389 nihil
1466 364 1528 397 est,

194 431 232 457 ut
254 426 297 456 ita
319 424 438 462 dicam,
458 422 518 453 nisi
538 418 678 463 petiolus
699 416 853 459 vaginans
877 414 987 457 (Tah.
1005 412 1144 455 ILflg.
1170 411 1223 443 25.
1247 412 1301 454 b).

242 479 359 520 Figura
381 477 449 508 folii
470 472 744 506 circumscribitur
766 475 861 501 acuto
881 468 1026 511 margine
1047 466 1161 497 effecto
1182 476 1223 496 ex
1245 465 1411 509 junctione
1432 464 1532 496 facie-

196 546 270 566 rum
305 530 475 574 superioris
511 534 543 559 et
578 526 738 557 inferioris
753 549 761 565 ‚
797 525 841 556 ita
873 529 911 555 ut
942 521 1197 566 parenchymum
1233 529 1337 562 usque
1372 519 1411 550 ad
1444 519 1532 551 hunc

196 588 374 630 marginem
393 595 459 614 non
480 580 684 613 extendatur.
712 578 788 609 Haec
809 576 997 609 membrana
1017 581 1096 606 tunc
1115 573 1275 617 pellucida
1296 577 1452 604 remanet.

238 640 360 683 Pagina
381 637 526 681 superior
549 632 682 666 maculis
703 630 963 674 atro-purpureis
980 628 1044 660 sola
1068 627 1288 669 distinguitur.
1315 625 1377 657 Sed
1400 626 1533 657 maculis

195 695 258 728 illis
277 694 316 726 ad
337 691 528 724 anatomiam
548 689 707 719 internam
723 683 976 729 pertinentibus,
998 681 1037 713 ad
1058 687 1156 724 caput
1174 680 1326 711 lectorem
1342 679 1533 711 dimittimus

197 750 231 781 in
257 760 321 792 quo
347 746 386 778 de
408 745 462 777 illa
488 749 612 786 agetur.

240 801 330 834 Nihil
345 801 384 832 de
405 797 628 843 perfoliatione
647 793 747 825 locuti
764 792 901 830 fuimus,
923 790 998 833 quia
1014 790 1049 820 fit
1065 789 1099 819 in
1116 787 1245 819 turione
1267 786 1358 831 cujus
1372 792 1534 818 structura

197 856 284 888 illam
307 853 394 885 facili
419 851 511 883 modo
533 849 675 880 indicare
695 851 810 889 potest.

244 911 290 940 2⁰.
317 906 432 947 Quoad
453 903 672 946 superficiem,
705 900 739 930 in
761 898 845 929 foliis
865 896 1093 938 distinguimus
1111 893 1262 937 paginam
1286 892 1484 935 superiorem
1503 898 1536 923 et

196 962 347 1007 paginam
371 958 570 990 inferiorem.

242 1027 274 1046 a.
300 1011 458 1044 Omnibus
483 1007 636 1040 botanicis
660 1005 734 1036 satis
763 1002 934 1036 innotescit
959 1002 1109 1045 paginam
1134 1000 1333 1043 superiorem
1360 999 1537 1030 excretioni

198 1080 264 1101 esse
279 1066 483 1111 aptissimam.
506 1061 680 1093 Obscurior
695 1057 765 1102 ejus
780 1057 880 1096 color,
896 1056 1080 1099 superficies
1096 1055 1288 1097 laevigatior,
1304 1053 1441 1085 lucidior
1453 1052 1536 1085 illud

197 1121 367 1155 manifeste
382 1116 528 1161 probant.
551 1115 701 1145 Attamen
721 1111 790 1142 haec
806 1110 967 1141 distinctio
985 1109 1020 1140 in
1040 1108 1223 1139 orchidibus
1242 1117 1308 1138 non
1326 1107 1413 1138 tanta
1430 1106 1536 1137 facili—-

198 1181 264 1207 tate
288 1173 412 1205 institui
441 1175 564 1213 potest:
596 1167 717 1198 etenim
738 1164 823 1196 color
852 1163 962 1196 viridis
987 1162 1133 1195 eamdem
1158 1161 1227 1193 fere
1251 1162 1468 1193 intensitatem
1496 1161 1537 1193 ad

197 1235 370 1270 utramque
393 1225 543 1268 paginam
567 1220 675 1252 habet.

242 1282 280 1313 In
312 1278 481 1322 superficie
515 1275 679 1318 superiore
705 1272 775 1304 folii
805 1282 932 1314 semper
965 1270 1150 1303 observatur
1178 1269 1316 1301 maxima
1342 1268 1536 1301 lineolarum

199 1335 306 1379 copia,
331 1331 395 1376 qua
416 1336 463 1361 tot
483 1339 636 1372 pororum
657 1326 753 1357 series
772 1324 914 1356 indicare
936 1323 1087 1357 videntur
1111 1323 1217 1364 (Ταῦ.
1239 1323 1295 1354 11.
1309 1322 1379 1365 fig.
1400 1324 1454 1356 27.
1467 1323 1491 1365 ).

200 1380 207 1386 .
242 1390 274 1420 b.
298 1388 419 1431 Pagina
449 1384 583 1416 inferior
616 1380 795 1414 secundum
826 1389 935 1411 omnes
967 1377 1129 1409 botanicos
1157 1376 1351 1419 absorptioni
1385 1376 1535 1416 inservit,

199 1442 285 1487 quod
305 1447 459 1485 praeterea
477 1437 638 1480 colligitur
657 1446 697 1467 ex
711 1434 890 1466 innumeris
905 1432 990 1476 poris
1007 1431 1124 1475 quibus
1138 1430 1193 1462 illa
1214 1431 1311 1462 facies
1326 1430 1537 1474 distinguitur

198 1497 309 1540 (Ταῦ.
330 1496 385 1527 ΙΙ.
400 1494 469 1537 fig.
491 1491 545 1523 26.
568 1489 617 1532 c).

244 1551 290 1582 3⁰.
309 1548 396 1586 Folia
407 1547 561 1578 dicuntur
573 1543 779 1576 multinervia
790 1547 939 1585 respectu
948 1550 1120 1573 nervorum
1134 1539 1190 1582 qui
1199 1549 1257 1581 per
1267 1538 1333 1581 ipsa
1345 1537 1535 1569 decurrunt.

242 1603 342 1635 Nervi
368 1601 454 1633 enim
484 1598 726 1641 conspiciuntur
748 1607 789 1628 ex
809 1595 947 1638 utraque
975 1594 1044 1625 folii
1067 1598 1177 1636 parte,
1205 1592 1350 1635 quamvis
1375 1591 1475 1634 magis
1500 1591 1536 1622 in

198 1662 370 1701 prospectu
408 1666 447 1686 ex
479 1652 595 1697 pagina
624 1651 770 1683 inferiori
799 1653 975 1692 appareant
1011 1647 1122 1690 (Ταῦ.
1154 1646 1210 1677 ΙΙ.
1237 1645 1307 1688 fig.
1332 1645 1386 1677 26.
1417 1645 1459 1675 bb
1487 1655 1536 1682 a,-

193 1710 259 1753 fig.
277 1711 331 1744 27.
351 1709 453 1751 aaa).
483 1708 571 1738 Inter
595 1716 710 1738 nervos
731 1714 851 1736 nervus
875 1701 1001 1734 medius
1025 1700 1151 1733 eaeteris
1174 1698 1277 1744 major
1301 1704 1398 1743 atque
1422 1697 1536 1730 fortior

201 1763 420 1806 distinguitur.

1191 1807 1210 1839 5
