1809 2469
805 245 919 288 (89)

197 322 282 352 inter
309 331 423 352 nervos
450 321 682 358 sensationum,
709 325 741 350 et
767 319 851 350 inter
877 319 946 350 illos
971 325 1134 360 motuum,
1167 332 1262 364 quam
1292 321 1525 353 distinctionem

199 375 309 405 Clarus
334 374 388 405 ille
413 374 471 405 Vir
495 378 618 417 primus
646 373 796 404 stabilivit
817 384 877 415 ope
902 373 1157 405 observationum
1179 381 1211 405 et
1236 375 1393 407 factorum
1416 382 1527 407 anato-

198 429 366 459 micorum.

240 482 307 512 Etsi
332 481 379 512 Cl.
401 480 471 512 Bell
493 481 609 511 frustra
635 479 694 511 sibi
719 479 859 512 vindicet
877 480 1031 511 honorem
1054 491 1086 512 se
1111 481 1197 512 illam
1223 482 1363 524 primum
1382 483 1527 514 animad—

197 536 343 574 vertisse,
355 535 423 565 haec
435 534 593 565 distinctio
609 539 694 564 certe
710 535 827 565 summi
841 536 1010 574 momenti,
1026 541 1098 566 ante
1114 535 1204 566 illum
1222 535 1284 579 jam
1296 535 1352 567 diu
1363 548 1379 566 a
1395 537 1526 568 Lainark

198 589 305 620 fuerat
334 588 502 630 proposita.
538 587 584 618 Cl.
614 587 782 630 Magendie
812 594 978 631 postquam
1004 589 1038 619 in
1067 589 1177 620 vivum
1207 589 1325 620 animal
1355 590 1527 621 medullam

197 642 406 674 vertebralem
429 641 635 680 denudasset,
661 642 814 673 resecavit
834 641 955 672 radices
978 642 1150 673 anteriores
1171 653 1343 674 nervorum
1364 643 1528 675 vertebra-

197 695 295 733 lium,
321 701 353 725 et
375 694 492 725 animal
517 694 628 725 eodem
653 700 797 736 tempore
818 706 945 726 omnem
971 701 1092 726 motum
1115 696 1244 738 quidem
1265 697 1386 735 amisit,
1415 708 1527 728 verum

197 748 434 779 sensibilitatem
457 748 672 779 conservavit:
694 747 809 778 deinde
832 758 870 778 ex
892 747 953 778 alio
976 748 1075 779 latere
1096 749 1283 790 posteriores
1304 749 1423 780 radices
1442 762 1528 782 rese-

193 802 297 833 ·oando
318 801 435 832 animal
457 812 584 832 omnem
605 801 842 832 sensibilitatem
863 801 983 841 amisit,
1004 801 1058 832 sed
1078 802 1188 833 eodem
1214 808 1355 846 tempore
1375 804 1528 835 motilita—

197 862 261 887 tem
290 856 498 887 conservavit.

240 909 310 940 Hoc
330 910 426 940 etiam
455 909 730 951 experimentum,
758 909 816 939 etsi
841 920 966 940 summe
987 909 1127 949 difficile,
1153 910 1368 954 redintegravi
1389 912 1423 943 in
1448 912 1527 944 duos

198 963 371 994 Cuniculos
393 963 598 1005 segregatim,
630 969 662 993 et
685 975 801 1006 niagno
826 975 900 994 cum
927 963 1159 995 delectamento
1181 976 1232 996 me
1256 965 1374 996 frustra
1399 977 1527 1008 operam

197 1028 299 1048 meam
316 1028 380 1047 non
398 1016 518 1046 dedisse
539 1023 720 1057 compertus
739 1029 821 1047 sum.
843 1018 879 1047 In
895 1018 994 1058 priori
1011 1029 1128 1058 nempe
1148 1018 1320 1058 Cuniculo,
1341 1021 1528 1061 posteriores

196 1068 318 1101 radices
337 1068 493 1106 resecavi,
519 1073 551 1098 et
572 1069 676 1099 exitus
700 1068 826 1099 eosdem
847 1074 879 1099 et
903 1069 1034 1099 omnino
1056 1068 1233 1100 simillimos
1253 1070 1331 1109 illis,
1357 1073 1413 1113 qni
1436 1084 1453 1102 a
1479 1073 1525 1103 Cl.

194 1121 362 1164 Magendie
377 1121 511 1151 fuerunt
528 1120 666 1159 obtenti,
681 1121 747 1162 ipse
760 1121 901 1152 obtinui:
918 1121 1002 1152 idem
1018 1122 1126 1153 evenit
1138 1122 1177 1153 de
1193 1124 1366 1155 resectione
1383 1125 1526 1157 radicum

196 1177 407 1213 anteriorum,
433 1174 475 1203 ita
491 1179 529 1204 ut
545 1173 592 1204 Cl.
610 1173 777 1216 Magendie
800 1174 998 1206 verissimum
1018 1174 1148 1215 dixisse,
1169 1176 1227 1206 etsi
1246 1176 1326 1207 illud
1347 1178 1527 1220 complures

196 1234 332 1271 negent,
357 1228 514 1258 sustinere
542 1238 606 1258 non
630 1227 785 1258 dubitem.
813 1227 898 1259 Illud
924 1229 1182 1271 experimentum
1206 1231 1382 1262 maximum
1408 1232 1528 1274 praebet

195 1287 422 1324 argumentum
439 1280 515 1320 illis,
529 1281 584 1323 qui
596 1292 654 1323 pro
664 1282 831 1312 existentia
843 1281 978 1325 duplicis
992 1294 1165 1315 nervorum
1181 1283 1298 1314 ordinis
1309 1292 1524 1328 propugnant.

194 1335 244 1366 Ab
258 1335 313 1366 illo
327 1341 487 1377 tempore,
501 1345 564 1376 quo
582 1334 628 1365 Cl.
646 1334 814 1376 Magendie
829 1336 983 1366 eximium
999 1335 1081 1367 illud
1097 1337 1355 1379 experimentum
1370 1339 1525 1379 instituit,

195 1387 312 1419 obtulit
336 1399 402 1419 sese
423 1389 558 1428 occasio,
585 1388 645 1419 hoc
667 1389 854 1427 inventum,
878 1400 936 1431 per
956 1388 1207 1421 observationem
1232 1391 1464 1434 pathologicam
1490 1393 1524 1424 in

194 1443 324 1474 homine
356 1443 472 1473 factam
505 1442 721 1485 comprobare.
755 1443 901 1474 instituta
932 1443 995 1474 fuit
1023 1444 1165 1486 autopsia
1191 1445 1330 1487 corporis
1357 1445 1523 1490 cujusdam

193 1495 370 1535 individui,
396 1496 453 1538 qui
477 1507 493 1526 a
514 1495 660 1538 pluribus
683 1497 773 1527 annis
795 1496 995 1527 motilitatem
1021 1497 1168 1528 amiserat
1195 1498 1230 1528 in
1260 1497 1342 1529 binis
1369 1498 1523 1540 brachiis,

194 1549 248 1581 sed
278 1550 334 1592 qui
361 1550 395 1579 in
423 1549 485 1580 illis
509 1549 651 1592 partibus
673 1549 911 1581 sensibilitatem
946 1551 1075 1582 omnino
1107 1558 1365 1584 conservaverat:
1402 1553 1523 1584 radices

192 1604 380 1646 posteriores
409 1603 443 1633 in
473 1614 529 1634 suo
556 1604 746 1646 integritatis
778 1609 862 1634 statu
888 1603 1024 1634 fuerunt
1053 1610 1206 1646 repertae‚
1241 1604 1317 1636 dum
1350 1607 1522 1638 anteriores

193 1656 359 1688 evidenter
379 1656 537 1694 alteratae,
559 1657 766 1688 substantiam
786 1668 876 1688 suam
900 1657 1108 1689 medullarem
1131 1659 1315 1698 amiserant,
1337 1666 1369 1690 et
1390 1660 1523 1692 funicu-

193 1709 298 1741 lorum
320 1710 515 1741 anteriorum
536 1722 600 1741 non
623 1711 683 1741 nisi
705 1710 870 1742 involucra
894 1711 1135 1743 membranacea
1158 1712 1294 1755 amplius
1316 1714 1521 1756 reperieban—

192 1769 256 1794 tur.
280 1763 393 1806 Itaque
416 1763 463 1794 Cl.
488 1764 655 1807 Magendie
681 1765 920 1804 animadvertit,
947 1766 1121 1797 medullam
1142 1767 1352 1799 vertebralem
1379 1774 1522 1800 constare

194 1827 232 1848 ex
253 1816 376 1847 duobus
391 1817 545 1849 funiculis
562 1817 619 1849 sibi
635 1817 868 1862 juxta—positis,
888 1830 1026 1861 quorum
1042 1831 1125 1851 unus
1141 1821 1296 1862 exquisita
1317 1821 1521 1853 sensibilitate

192 1869 343 1909 donatur,
360 1870 438 1902 dum
456 1871 552 1911 alter,
574 1873 663 1914 quasi
684 1871 723 1903 ab
737 1871 796 1902 hac
813 1872 1004 1914 proprietate
1026 1872 1163 1912 alienus,
1181 1874 1240 1915 ipsi
1256 1874 1355 1904 motui
1372 1875 1519 1916 proprius

192 1925 289 1955 unice
317 1924 472 1957 videatur.
507 1926 628 1969 Atque,
659 1938 761 1969 quum
787 1925 938 1968 probatur
962 1926 1036 1969 ipsis
1066 1926 1291 1969 experimentis
1322 1938 1339 1958 a
1365 1927 1519 1970 Legallois

193 1978 361 2016 institutis,
384 1978 469 2020 quod
489 1981 593 2010 omnia
615 1991 747 2022 organa,
770 1980 861 2011 nullo
880 1980 1011 2022 quidem
1031 1986 1179 2022 excepto,
1204 1992 1220 2011 a
1246 1980 1384 2012 medulla
1405 1982 1519 2023 spinali

193 2042 283 2062 suam
300 2031 536 2064 sensibilitatem
555 2045 709 2077 suamque
726 2033 924 2066 motilitatem
941 2034 1111 2076 accipiant,
1128 2033 1167 2065 ad
1181 2033 1264 2064 hanc
1280 2034 1519 2066 memorabilem

1221 2100 1256 2118 12
