1809 2469
793 196 805 238 (
830 196 869 227 15
895 196 907 238 )

192 287 225 318 in
246 286 353 317 orbitis
372 286 435 317 suis
456 285 693 321 contineantur,
719 282 888 311 transimus
902 280 942 311 ad
956 280 1092 310 stellaria
1113 285 1279 322 systemata
1299 280 1342 309 ita
1361 279 1510 318 formata,

185 355 226 381 ut
250 349 347 380 stellae
372 350 454 379 inter
479 359 511 379 se
536 347 688 388 colligatae
713 345 795 374 circa
819 349 965 374 centrum
993 341 1151 384 quoddam
1178 352 1316 372 vacuum
1344 341 1511 380 fers-ntur,

188 423 225 443 ea
246 419 353 443 tamen
377 411 462 454 lege,
487 416 523 441 ut
551 420 660 439 earum
686 413 790 438 motus
814 407 890 438 huic
918 411 1026 437 centro
1052 416 1114 435 non
1141 404 1246 435 minus
1271 403 1409 434 adstricti
1430 404 1512 442 sint,

189 487 287 518 quam
312 475 511 517 planetarum
537 477 640 502 motus
660 472 800 513 ipsorum
826 476 934 501 centro
959 467 1125 500 materiali.
1161 467 1282 498 Horum
1307 473 1512 509 systematum

189 537 362 569 stellarium
384 535 443 566 alia
462 535 687 577 distinguimus
708 545 725 564 e
741 533 880 573 duabus,
901 533 960 563 alia
981 543 999 563 e
1021 531 1136 570 tribus,
1160 530 1219 561 alia
1241 541 1258 561 e
1280 536 1431 573 quatuor,
1453 530 1512 560 alia

188 600 326 642 denique
351 610 368 630 e
390 597 619 640 multiplicibus
639 597 735 628 stellis
756 596 900 627 conflata.
928 595 975 626 Ab
998 595 1047 625 his
1067 593 1289 637 progredimur
1310 593 1348 624 ad
1367 593 1513 636 magnifi-

188 673 257 693 cam
281 673 390 693 zonam
417 661 590 700 stellatam,
619 671 694 703 quae
722 660 794 691 coeli
820 660 991 703 sphaeram,
1022 659 1134 690 circuli
1164 659 1294 689 maximi
1322 659 1418 689 situm
1445 658 1513 689 fere

187 735 337 767 sequenS‚
360 725 457 754 instar
479 724 582 754 fasciae
608 723 767 754 continuae
790 723 898 764 cingit.
927 722 1032 753 Stellae
1052 722 1135 753 hanc
1158 733 1267 752 zonam
1289 727 1513 764 componentes

188 788 311 818 ratione
336 786 506 817 admodum
527 785 676 827 inaequali
700 796 812 827 sparsae
832 791 864 816 et
884 785 918 815 in
940 785 1047 827 plures
1068 785 1215 816 discretas
1241 785 1330 828 quasi
1350 786 1513 828 congeries

189 860 355 888 connexae,
374 850 416 879 ita
436 855 472 881 ut
489 859 599 880 versus·
617 847 760 878 medium
780 848 877 889 magis
893 847 1092 879 condensatae
1108 854 1297 891 appareant,
1315 859 1410 891 quam
1430 849 1512 879 circa

186 912 298 943 limbos
318 911 462 942 debiliori
482 917 514 942 et
535 912 623 954 quasi
647 898 747 941 diluto'
771 910 895 941 lumine
916 911 1064 942 nitentes.
1092 911 1158 942 Hoc
1180 911 1413 954 pliaenomenon
1437 911 1512 942 inde

186 974 398 1017 repetendum
417 985 481 1005 esse
503 973 772 1016 deprehendimus
779 998 788 1013 ,
808 974 894 1016 quod
909 974 1007 1005 stellae
1023 981 1106 1005 retro
1124 986 1190 1006 sese
1208 976 1402 1018 excipientes
1418 976 1512 1007 series

191 1038 330 1069 forment
349 1039 486 1069 infinitas
504 1049 561 1080 per
580 1038 733 1068 immensa
755 1038 907 1069 coelorum
925 1039 1022 1081 spatia
1043 1044 1200 1077 extensas,
1224 1038 1374 1081 quodque
1393 1039 1426 1069 in
1446 1049 1511 1069 una

187 1101 302 1133 harum
324 1102 476 1132 serierum
499 1102 565 1143 ipse
584 1112 711 1144 quoque
730 1101 776 1133 sol
795 1108 900 1133 noster
920 1113 992 1133 cum
1010 1113 1066 1133 suo
1086 1108 1253 1145 systemate
1270 1102 1438 1133 collocatus
1457 1103 1508 1132 sit.

231 1165 389 1195 Praeterea
413 1164 583 1196 incidimus
610 1166 644 1195 in
670 1166 817 1196 colim-tes
843 1167 1018 1196 stellarum
1047 1166 1174 1208 spissius
1206 1170 1238 1196 et
1270 1165 1337 1196 fere
1363 1164 1509 1208 aequabili

188 1226 309 1257 ratione
329 1237 523 1268 sparsarum‚
549 1226 723 1269 quamlibet
742 1239 841 1270 prope
864 1228 998 1258 formam
1025 1227 1278 1268 admittentium,
1306 1239 1414 1260 versus
1439 1238 1510 1258 me·—

186 1289 274 1320 dium
304 1300 369 1319 non
397 1289 657 1320 condensatarum
685 1296 717 1320 et
745 1301 760 1320 a
792 1291 903 1322 vicinis
927 1292 1000 1321 satis
1029 1290 1256 1330 discretarum,
1283 1297 1320 1322 ut
1347 1291 1508 1333 peculiare

185 1352 345 1396 quoddam
369 1358 503 1395 systema
526 1352 663 1383 formare
684 1352 849 1383 censendae
869 1353 941 1383 sint.
972 1353 1069 1384 Porro
1094 1354 1207 1395 passim
1230 1364 1295 1384 sese
1318 1353 1407 1384 nobis
1428 1353 1508 1384 offe-

184 1421 261 1447 runt
285 1415 495 1446 condensatoe
519 1415 692 1446 stellarum
716 1416 906 1458 congeries,
940 1416 1040 1447 forma
1065 1416 1256 1459 plerumque
1281 1417 1416 1448 rotunda
1442 1416 1507 1447 dis—

185 1478 308 1517 tinctae,
335 1484 366 1509 et
386 1489 495 1510 versus
519 1484 664 1509 centrum
685 1479 731 1509 ita·
752 1484 929 1517 coarctatae,
961 1485 999 1509 ut
1021 1480 1117 1510 unius
1142 1479 1238 1510 stellae
1260 1480 1396 1522 speciem
1419 1479 1506 1510 refe-

184 1547 269 1581 rant,
291 1552 426 1583 quarum
448 1541 594 1571 formatio
615 1543 769 1573 actionem
789 1543 835 1575 vis
852 1541 1015 1585 cujusdam
1035 1542 1182 1574 centralis
1203 1543 1368 1573 manifeste
1388 1543 1503 1585 arguit.

226 1604 347 1634 Praeter
370 1604 426 1634 has
449 1604 689 1647 telescopiorum
710 1605 917 1636 intensissima
945 1606 991 1638 vis
1010 1605 1099 1636 nobis
1123 1605 1242 1648 detegit
1265 1606 1416 1636 maculas
1446 1617 1504 1635 ne—

185 1666 342 1703 hulosas,
377 1677 513 1708 quarum
541 1667 637 1706 stella:
663 1668 840 1699 innumerae
869 1668 1022 1700 immenso
1045 1668 1212 1701 intervallo
1232 1680 1250 1700 a
1274 1668 1363 1699 nobis
1389 1668 1502 1699 distare

183 1728 360 1772 judicandae
388 1735 480 1768 sunt,
516 1741 589 1760 cum
618 1729 758 1761 calculus
792 1742 855 1761 non
886 1736 1006 1762 temere
1036 1737 1199 1774 susceptus
1233 1731 1362 1770 doceat,
1400 1730 1501 1762 radios

183 1790 313 1822 luminis
333 1802 370 1822 ex
394 1791 455 1822 illis
475 1793 601 1822 emissos
619 1792 685 1823 fere
706 1793 915 1824 ducentarum
934 1794 1113 1838 myriadum
1136 1806 1291 1826 annorum
1312 1795 1372 1825 iter
1390 1794 1501 1825 confe—

183 1854 280 1893 cisse,
308 1853 387 1885 dum
407 1854 450 1885 ad*
472 1856 671 1898 superficiem
694 1857 818 1888 telluris
842 1858 1068 1900 pervenirent,
1095 1869 1133 1889 ea
1155 1858 1322 1902 hypothesi
1346 1858 1497 1897 admissa,

184 1927 245 1958 qua
270 1917 381 1948 lumen
407 1929 423 1949 a
445 1919 505 1949 fixa
533 1919 621 1950 nobis
645 1920 787 1962 proxima
814 1931 867 1951 sex
890 1920 958 1951 fere
980 1921 1070 1952 annis
1094 1933 1167 1953 cum
1192 1922 1317 1953 semisse
1338 1932 1416 1964 opus
1439 1921 1498 1952 ha·-

182 1979 257 2012 bere
279 1982 444 2020 statuitur,
474 1988 511 2013 ut
530 1982 571 2013 ad
590 1982 699 2014 oculos
718 1990 836 2015 nostros
861 1984 1037 2028 pertingat.>
