1809 2469
894 194 1006 236 (16)

337 286 482 328 Denique
504 285 616 328 passim
639 283 809 314 incidimus
829 282 862 312 in
883 281 1035 311 stellares
1056 280 1215 318 nebulas,
1242 281 1275 311 in
1300 281 1438 314 nebulas
1460 284 1603 323 lacteas,

290 351 323 380 in
350 350 467 380 stellas
497 349 696 384 nebulosas,
737 347 770 377 in
803 345 953 375 maculas
987 343 1165 374 nebulosas
1192 344 1409 384 planetares,
1441 346 1607 388 splendore

291 412 460 449 uniformi,
486 411 623 442 circuitu
648 408 794 440 circulari
818 407 899 439 bene
919 407 1156 449 circumscripto
1177 413 1208 437 et
1231 409 1346 450 exigua
1371 408 1523 441 diametro
1542 411 1608 442 dis-

292 476 420 513 tinctas,
445 479 476 504 et
496 473 529 504 in
549 471 689 503 maculas
712 470 877 502 nebulosas
901 469 1078 512 planetares
1099 470 1215 500 eximio
1238 476 1420 503 centrorum
1441 472 1608 515 splendore

291 537 445 578 insignes,
471 547 541 578 quae
561 535 785 578 phaenomena,
808 532 882 564 licet
902 531 1039 574 penitior
1058 541 1168 562 eorum
1192 532 1350 575 indagatio
1375 545 1438 565 non
1459 535 1555 566 unius
1570 536 1609 567 sit

293 600 376 639 aevi,
411 599 692 631 diversissimorum
716 602 920 640 systematum
948 606 1004 638 per
1038 596 1189 626 immensa
1220 596 1376 628 coelorum
1404 599 1503 640 spatia
1529 610 1610 642 qua-

292 673 465 705 quaversus
499 673 678 705 sparsorum
707 667 739 692 et
769 660 827 691 sibi
856 659 992 692 invicem
1023 657 1222 689 subditorum
1244 669 1416 691 numerum
1446 661 1606 694 infinitum

293 725 505 756 manifestant.

335 788 401 819 Hac
432 788 482 819 via
508 793 540 818 et
571 798 609 817 ex
634 787 681 817 his
707 786 804 817 initiis
828 797 885 829 per
918 784 1034 828 gradus
1063 784 1294 827 progrediendo
1324 785 1497 822 Kantius,
1525 786 1608 819 inter

293 856 467 894 geometras
486 850 604 892 pariter
626 861 661 881 ac
685 850 886 892 philosophos
915 848 1067 891 singulari
1091 848 1211 890 ingenii
1236 848 1384 880 acumine
1407 849 1608 889 immortalis,

293 915 355 958 jam
376 914 488 956 quinto
512 919 581 955 post
601 914 901 956 quinquagesimum
920 912 1018 944 seculi
1039 910 1245 954 praecedentis
1266 922 1367 950 anno,
1394 912 1517 942 nonnisi
1537 923 1610 954 gra—

294 978 398 1008 vitatis
421 976 607 1009 universalis
630 976 751 1008 theoria
771 976 947 1019 supposita,
972 985 1012 1006 ex
1033 973 1196 1016 principiis
1217 983 1305 1004 mere
1333 973 1524 1005 mechanicis
1543 985 1610 1006 coe-

294 1040 398 1072 lorum
431 1039 583 1071 fabricam
621 1050 853 1083 corporumque
894 1038 1071 1069 coelestium
1107 1035 1305 1079 singulorum
1344 1038 1610 1069 constructionem

295 1109 391 1145 atque
406 1102 641 1134 adornationem
657 1102 734 1134 adeo
757 1102 851 1145 plene
866 1100 1015 1139 deduxit,
1038 1105 1075 1130 ut
1101 1111 1165 1129 non
1185 1105 1310 1131 tantum
1332 1101 1476 1132 omnium
1499 1112 1611 1133 eorum

295 1177 367 1208 quae
388 1171 467 1197 tunc
490 1166 614 1208 cognita
633 1172 738 1204 erant,
757 1166 1039 1207 phaenomenorum
1059 1163 1268 1194 sufficientem
1290 1163 1436 1195 redderet
1456 1166 1611 1197 rationem

295 1229 349 1260 sed
369 1235 401 1260 et
424 1229 566 1260 nondum
591 1230 714 1271 cognita
735 1229 959 1270 anticipatione
981 1227 1178 1269 praeciperet.
1207 1225 1306 1270 Cujus
1324 1228 1448 1269 generis
1475 1229 1612 1260 maxime

296 1291 509 1323 memorabiha
541 1297 616 1322 sunt
638 1290 799 1334 praedictio
822 1290 897 1322 novi
920 1289 1055 1331 planetae
1082 1288 1165 1319 ultra
1190 1288 1347 1319 circulum
1374 1291 1509 1320 extremi
1534 1296 1612 1321 tunc

297 1355 445 1397 temporis
464 1354 591 1385 Saturni
616 1365 744 1385 cursum
766 1365 858 1385 suum
883 1352 1078 1395 peragentiS‚
1109 1357 1141 1382 et
1164 1350 1331 1393 descriptio
1354 1352 1465 1383 annuli
1484 1352 1612 1385 Saturni

296 1424 333 1449 ut
362 1428 399 1448 ex
429 1416 572 1459 pluribus
608 1416 733 1448 annulis
763 1416 969 1448 concentricis
994 1414 1220 1457 coagmentati,
1247 1425 1319 1457 quae
1347 1416 1524 1457 posterioris
1554 1417 1612 1448 aevi

297 1479 464 1510 observatis
485 1479 632 1520 opinione
655 1478 788 1510 celerius
809 1480 990 1510 confirmata
1016 1479 1118 1510 suere.

341 1542 434 1572 Hunc
454 1552 649 1580 successum,
678 1543 730 1573 cui
758 1542 839 1573 nihil
862 1554 980 1585 suppar
1004 1543 1038 1572 in
1062 1542 1147 1572 omni
1174 1541 1377 1572 scientiarum
1403 1540 1530 1572 historia
1557 1541 1614 1572 de-

296 1604 524 1647 prehenditur,
546 1604 777 1647 contemplatus
801 1605 1020 1648 theologorum
1043 1604 1221 1635 Germaniae
1241 1604 1387 1646 princeps
1408 1602 1614 1635 admirabun-

298 1666 357 1697 dus
381 1665 586 1698 exclamavit:
617 1678 636 1697 (ε
652 1667 723 1697 Hic
749 1667 859 1709 majus
883 1667 1020 1710 aliquid
1041 1673 1143 1710 atque
1164 1667 1308 1708 amplius
1332 1667 1482 1697 universo
1505 1667 1614 1697 videre

299 1730 380 1760 milzi
407 1730 534 1766 videor,
563 1731 693 1760 scilicet
718 1731 986 1768 similitudinem,
1019 1737 1069 1767 et,
1106 1732 1137 1760 si
1170 1730 1276 1760 dicere
1297 1729 1363 1772 fas
1398 1731 1471 1765 sit,
1513 1731 1614 1771 quasi

299 1793 451 1834 aliquam
475 1793 701 1835 cognationem
724 1805 796 1824 cum
823 1796 893 1836 ipso
914 1796 1046 1825 numine
1071 1792 1258 1835 supremo.”

342 1855 548 1898 Eandemque
571 1856 758 1887 sententiam
789 1863 833 1887 tot
859 1863 932 1888 ante
957 1856 1070 1888 seculis
1099 1856 1208 1886 Cicero
1237 1854 1286 1885 his
1312 1853 1416 1886 verbis
1441 1854 1612 1896 expressit:

302 1929 320 1947 ))
337 1928 473 1959 quorum
484 1918 682 1960 (astrorum)
697 1920 938 1956 conversiones,
952 1930 1127 1960 omnesque
1140 1924 1264 1954 motus,
1279 1918 1338 1959 qai
1350 1918 1459 1947 (mimo
1474 1916 1570 1953 vidit,
1585 1917 1613 1946 is

302 1980 429 2018 docuit,
443 1981 585 2011 similem
596 1982 741 2012 animum
753 1994 848 2013 suum
859 1983 932 2026 ejus
942 1995 1030 2020 esse,
1045 1982 1104 2024 qui
1114 1981 1349 2024 eafabricatus
1361 1986 1447 2011 esset
1458 1980 1491 2010 in
1503 1978 1613 2010 caelo.”
