1809 2469
831 225 967 267 (102)

235 303 384 335 teriorem
411 300 564 342 distingui
589 303 731 341 possunt.
763 297 911 329 Vidimus
935 298 1020 342 quod
1047 299 1093 330 illi
1119 299 1259 331 funiculi
1285 300 1466 332 functiones
1491 313 1507 332 a
1531 313 1562 333 se

235 356 374 389 invicem
403 354 571 385 destinctas
598 351 797 394 possideant,
829 352 911 393 quod
939 353 1076 384 funiculi
1106 354 1277 384 anteriores
1302 355 1521 396 perceptiones
1545 367 1562 386 a

236 415 344 440 centro
363 407 401 438 ad
422 406 636 450 peripheriam
660 405 889 443 transmittant,
907 405 983 436 dum
1003 408 1190 448 posteriores
1205 408 1425 449 impressiones
1441 420 1456 439 a
1474 409 1562 451 peri-

235 462 346 505 pheria
379 461 418 492 ad
446 466 593 491 centrum
619 459 815 490 conducunt.
851 459 947 497 Quod
976 459 1115 491 funiculi
1146 461 1317 491 anteriores
1345 472 1471 492 sursum
1497 473 1563 493 sese

235 517 403 547 decussent
428 520 598 557 antequam
620 521 812 544 sese‘massae
834 512 987 543 cerebrali
1011 512 1158 557 jungant.
1193 515 1309 545 Omnia
1335 526 1410 557 ergo
1434 517 1563 558 experi-

235 576 362 608 menta,
395 569 455 599 hoc
482 579 574 610 scopo
600 568 765 604 instituta,
796 572 892 608 atque
924 573 1066 597 enarrata
1103 568 1183 598 facta
1214 567 1410 610 pathologica
1444 569 1563 611 optime

235 624 452 654 demonstrant
473 621 683 651 differentiam
700 620 906 651 functionum
925 620 1040 651 horum
1058 621 1278 653 funiculorum
1299 628 1395 664 atque
1416 634 1562 665 magnam

235 688 345 708 eorum
373 675 613 706 similitudinem
638 686 711 705 cum
733 675 849 704 nervis.
876 674 1117 716 Disquisitiones
1138 681 1250 705 nostrae
1271 676 1454 706 anatomicae
1475 675 1564 706 nobis

234 731 508 768 demonstrarunt,
536 727 620 770 quod
648 728 739 758 nervi
764 727 848 757 inter
870 737 902 757 se
929 727 1078 757 differant
1098 738 1160 758 non
1182 727 1284 758 solum
1305 728 1463 759 structura
1490 728 1561 768 sua,

235 784 289 814 sed
311 790 343 814 et
367 782 470 825 quoad
496 793 650 824 organum
675 781 727 812 cni
752 791 818 811 sese
843 780 1049 811 distribuunt.
1081 781 1155 811 Fuit
1175 781 1270 811 etiam
1294 781 1562 820 demonstratum,

235 837 322 879 quod
336 836 443 875 nervi,
460 837 515 878 qui
531 836 750 877 perceptiones
763 834 864 864 centri
880 833 918 864 ad
935 833 1147 875 peripheriam
1164 833 1399 872 transmittunt,
1420 840 1564 865 constent

235 901 276 921 ex
299 890 466 921 filamentis
488 888 669 932 cylindricis
691 894 722 919 et
742 888 810 918 fere
829 887 962 927 comnis,
983 898 1054 930 qnae
1073 886 1184 930 majori
1205 898 1301 929 quam
1322 887 1380 917 alia
1402 887 1562 919 sslamenta

235 943 420 974 difficultate
437 948 653 985 rumpuntur,
674 947 705 973 et
724 953 861 984 quorum
879 947 1088 972 anastomoses
1104 941 1136 971 in
1153 940 1264 971 eodem
1281 940 1427 971 funiculo
1446 951 1564 972 nerveo

236 997 374 1028 multum
396 997 627 1039 frequentiores
643 1002 734 1035 sunt,
752 995 837 1038 quod
858 1006 875 1026 e
895 1001 1002 1026 contra
1025 995 1113 1026 nervi
1130 994 1291 1032 sensiferi,
1311 993 1342 1024 id
1362 1000 1424 1032 est,
1445 994 1491 1024 illi
1507 994 1563 1036 qui

235 1050 406 1092 praesident
438 1048 665 1078 transmissioni
697 1048 941 1087 impressionum
976 1057 992 1075 a
1022 1045 1204 1087 peripheria
1229 1045 1267 1076 ad
1293 1051 1461 1084 centrum,
1497 1057 1562 1078 sese

235 1101 403 1132 ostendant
433 1100 492 1131 sub
525 1099 626 1130 forma
657 1097 875 1129 funiculorum
904 1097 1146 1139 applanatorum
1175 1103 1207 1127 et
1237 1098 1338 1127 taeniae
1367 1097 1400 1127 in
1433 1098 1563 1130 modum

235 1165 470 1197 expansorum,
503 1152 588 1195 quod
619 1151 687 1182 fere
716 1150 839 1182 nullam
867 1151 1076 1181 resistentiam
1107 1149 1262 1190 offerant,
1293 1156 1326 1181 et
1355 1156 1562 1183 anastomoses

236 1207 405 1239 admodum
432 1218 516 1237 raras
536 1205 713 1236 ostendant.

280 1262 426 1291 Diximus
451 1260 537 1303 quod
560 1259 650 1291 nervi
671 1258 910 1290 communicent
934 1269 1007 1288 cum
1032 1258 1082 1288 axi
1104 1255 1365 1298 cerebro—spinali
1387 1269 1446 1300 ope
1466 1259 1563 1290 unius

236 1315 301 1345 sive
326 1313 473 1344 binarum
501 1313 661 1352 radicum3
691 1311 774 1355 quod
799 1312 889 1342 nervi
915 1311 1040 1341 motorii
1065 1311 1130 1342 sive
1156 1308 1329 1340 motilitatis
1357 1310 1564 1343 conductores

235 1379 360 1410 semper
381 1367 514 1410 gangliis
534 1372 677 1405 careant3
698 1365 784 1408 quod
805 1376 915 1396 omnes
933 1365 1023 1396 nervi
1038 1363 1253 1394 sensationum
1274 1373 1291 1393 e
1313 1369 1419 1394 contra
1437 1364 1562 1407 ganglia

237 1421 430 1463 possideant,
454 1420 504 1452 vel
525 1421 706 1451 inserantur
725 1418 796 1450 lobo
822 1420 855 1449 in
879 1419 930 1448 axi
956 1415 1217 1459 cerebro—spinali
1238 1415 1381 1456 evoluto,
1404 1418 1454 1448 vel
1471 1418 1561 1449 binas

236 1477 329 1505 hasce
354 1474 549 1505 conditiones
579 1473 757 1516 possideant
787 1471 848 1514 (hi
877 1472 967 1502 nervi
998 1470 1160 1502 volumine
1188 1481 1245 1501 suo
1276 1481 1400 1512 semper
1430 1482 1561 1511 nervos,

237 1527 374 1558 motibus
401 1528 559 1570 proprios‘,
585 1526 797 1569 exsuperant)
822 1525 907 1567 quod
928 1525 1018 1556 nervi
1041 1524 1131 1554 mixti
1151 1523 1216 1554 sive
1238 1522 1445 1554 conductores
1470 1523 1563 1555 bina-

236 1593 308 1611 rum
328 1582 489 1611 actionum
512 1580 717 1622 simul-‘binos
738 1578 863 1610 ordines
882 1578 1116 1609 filamentorum
1135 1587 1325 1608 nerveorum
1341 1577 1373 1607 in
1390 1588 1455 1607 uno
1473 1577 1563 1608 funi—-

237 1634 309 1664 culo
328 1633 522 1676 possideant,
548 1645 685 1676 quorum
707 1633 785 1664 alter
807 1644 864 1675 per
885 1632 1009 1675 ganglia
1032 1632 1159 1670 transit,
1180 1630 1257 1661 dum
1279 1630 1358 1660 alter
1381 1632 1413 1661 in
1435 1642 1470 1661 ea
1496 1642 1560 1662 non

238 1688 349 1726 intrat,
378 1687 505 1718 tandem
535 1687 619 1729 quod
644 1688 677 1717 in
706 1687 766 1717 hoc
792 1697 866 1717 casu
893 1697 1009 1718 nervus
1036 1686 1091 1727 qui
1121 1683 1284 1727 ganglium
1311 1695 1374 1714 non
1402 1689 1559 1726 permeat,

237 1739 335 1770 altero
354 1742 394 1770 sit
416 1740 578 1771 volumine
601 1752 657 1771 suo
676 1740 819 1771 inferior.

281 1792 395 1831 Quoad
419 1794 518 1824 varias
540 1793 666 1823 illorum
688 1795 911 1835 proprietates,
936 1791 1079 1830 abunde,
1105 1791 1138 1821 ni
1162 1790 1320 1828 fallimur,
1347 1789 1481 1819 fuerunt
1503 1789 1562 1820 de-

238 1851 429 1876 monstratae.
469 1845 676 1876 Probavimus
706 1847 791 1876 enim
821 1846 904 1888 quod
934 1844 1104 1876 resecando
1131 1855 1243 1875 nervos
1278 1843 1388 1885 prioris
1422 1842 1559 1882 ordinis,

238 1898 387 1929 motilitas
410 1900 539 1929 omnino
559 1898 741 1930 destruatur
764 1900 797 1929 in
821 1905 909 1941 parte
933 1900 985 1929 cui
1010 1909 1076 1929 sese
1099 1897 1309 1933 distribuunt,
1334 1900 1366 1925 et
1386 1895 1470 1937 quod
1492 1895 1560 1927 haec

238 1963 310 1994 pars
331 1963 458 1994 prorsus
476 1951 646 1994 paralytica
667 1952 707 1982 sit
726 1952 864 1991 reddita,
883 1953 1006 1994 integra
1023 1957 1129 1982 tamen
1145 1954 1329 1980 remanente
1344 1948 1558 1980 sensibilitate.

238 2006 287 2035 Ex
313 2004 375 2035 illis
404 2015 475 2047 quae
506 2005 751 2038 memoravimus
784 2005 878 2035 etiam
907 2005 1113 2047 perspicuum
1139 2013 1205 2034 esse
1233 2001 1392 2033 credimus
1420 2001 1506 2044 quod
1534 2002 1560 2032 si
