1809 2469
915 211 1005 254 (2)

308 308 400 362 Ab
438 306 647 361 Ordine
678 304 1142 379 Philosophorum
1168 317 1217 357 et
1235 303 1616 359 Ll‘teratomm.

942 410 975 455 I.

373 506 676 568 Exponantur
717 515 761 549 et
802 503 1124 548 examinentur
1160 504 1278 548 varia
1321 515 1616 565 argumenta,

307 579 472 640 quibus
517 576 778 641 philosophi
813 576 869 620 ad
913 575 1197 638 probandam
1239 577 1383 620 animi
1424 577 1618 621 immor-

308 651 525 696 talitatem
562 652 628 694 uti
665 650 825 695 solent.

932 743 989 786 ΙΙ.

369 848 639 892 Institutum
658 846 1045 892 administrandae
1056 846 1375 892 OEconomiae
1387 846 1618 909 politicae,

306 921 431 983 quod
466 933 658 982 systema
693 920 965 966 mercuriale
1003 919 1094 965 diei
1130 919 1263 972 solet,
1296 937 1403 982 quas
1439 919 1618 972 habuit,

307 1011 360 1040 ex
387 995 600 1039 universo
620 1006 734 1038 statu
752 1012 1003 1057 regnorum
1026 994 1259 1056 Europae,
1280 1011 1387 1039 cum
1410 993 1596 1056 publico
1610 1029 1619 1046 ‚

308 1078 406 1111 tum
444 1068 640 1130 privatae
682 1067 933 1114 industriae
976 1079 1020 1113 et
1057 1071 1283 1112 mercatos
1319 1067 1619 1119 commercii,

305 1139 573 1203 repetendas
591 1141 812 1193 rationes,
840 1158 922 1186 cur
947 1159 970 1185 a
990 1139 1145 1186 medio
1174 1139 1327 1185 seculo
1353 1157 1451 1186 xv11
1477 1156 1620 1202 usque

306 1212 363 1257 ad
400 1213 607 1257 Francici
639 1214 792 1273 regni,
830 1225 1024 1258 exeunte
1059 1212 1212 1258 seculo
1247 1230 1385 1264 xvm,
1424 1213 1620 1257 eversio—

306 1303 438 1336 nem,
473 1285 613 1330 veluti
645 1284 1003 1330 fundamentum
1032 1302 1078 1329 se
1109 1297 1314 1329 tueretur
1347 1284 1620 1330 domesticae

309 1358 550 1403 Politices?
580 1370 623 1402 et
650 1369 872 1419 quatenus
901 1357 1261 1403 existimandum
1288 1369 1376 1411 est,
1398 1357 1464 1401 illi
1485 1359 1619 1402 statui

306 1432 440 1475 fuisse
473 1430 864 1475 consentaneum?

370 1616 774 1662 Commentatione
854 1617 1302 1661 Historico-Critica
1367 1616 1620 1663 illustretur

307 1691 505 1747 Quintil.
544 1691 652 1735 Inst.
691 1691 817 1736 Orat.
862 1690 962 1736 Lib.
998 1690 1056 1735 X.
1102 1689 1211 1752 Cap.
1250 1690 1283 1734 I.

582 1796 675 1850 Ab
724 1795 933 1850 Ordine
975 1795 1341 1850 [medicorum.

370 1911 500 1969 Quid
536 1911 704 1957 docent
745 1913 956 1958 notiones
995 1912 1244 1957 hodiernae
1277 1928 1333 1956 ex
1367 1911 1618 1962 anatomia,

306 1985 607 2048 physiologia,
641 1984 897 2048 pathologia
923 1985 1200 2048 chirurgica,
1226 1984 1540 2030 observatione
1578 1995 1621 2029 et
