1809 2469
958 251 968 292 (
993 252 1034 280 12
1057 250 1070 293 )

399 326 491 368 Salep
514 326 547 356 iu
568 325 732 368 pulverem
758 324 920 367 redigetur
944 322 982 354 ad
1003 322 1222 365 quotidianum
1248 323 1320 355 vitae
1344 334 1437 355 usum
1458 330 1490 354 et
1512 323 1593 366 aqua
1617 335 1671 354 ca-

356 379 418 411 lida
439 379 633 418 dissolvitur3
651 378 833 421 mucilagini
848 378 912 416 lac,
933 376 1134 416 saccharum,
1153 381 1289 407 aromata
1307 376 1490 416 miscentur,
1506 383 1543 408 ut
1563 377 1669 408 minus

356 434 461 476 inepta
487 439 519 463 et
542 432 644 475 palato
666 433 782 475 gratior
805 431 965 462 reddatur.

399 486 491 528 Salep
506 485 624 516 bonum
641 491 686 516 est
701 485 911 515 lenimentum
926 483 988 523 uti,
1010 484 1043 513 in
1066 483 1268 521 universum,
1290 493 1397 513 omnes
1412 483 1549 514 materiae
1566 484 1670 514 muci-

357 539 517 581 laginosae,
541 539 639 569 veluti
659 538 780 579 gummi
801 536 978 575 arabicum,
999 547 1113 578 sagou,
1136 541 1195 566 etc.
1217 534 1376 566 Adversus
1391 535 1563 566 humorum
1580 546 1669 566 acer—

356 590 500 630 bitatem,
522 591 555 621 in
575 591 692 633 phthisi
719 596 751 620 et
772 588 952 620 dissenteria
975 588 1204 630 praescribitur‚
1221 594 1281 619 etc.
1309 588 1401 619 Vires
1421 590 1534 619 amoris
1554 588 1670 629 volup—

356 644 472 675 tatibus
495 650 657 675 enervatas
678 649 817 682 recreat,
844 642 979 685 ideoque
1000 641 1085 685 apud
1110 642 1230 672 Turcas
1254 653 1368 684 magno
1390 643 1420 672 in
1441 654 1501 673 usu
1524 648 1579 673 est.

400 697 504 738 Aqua,
530 697 562 726 in
583 696 645 738 qua
667 695 843 726 Orchidum
869 695 988 726 radices
1011 695 1147 726 decoctae
1162 701 1252 734 sunt,
1277 695 1440 725 materiam
1458 695 1667 736 peculiarem,

356 748 544 779 odoriferam
565 754 597 779 et
621 759 750 780 suavem
771 748 910 790 deponit.
950 749 1004 778 Est
1028 749 1158 779 materia
1185 749 1312 790 propria
1337 748 1439 779 odoris
1462 759 1558 790 quem
1580 748 1669 779 bulbi

355 801 469 833 harum
488 801 668 844 plantarum
686 807 854 844 spargunt,
870 801 979 833 saltem
994 802 1028 832 iu
1043 802 1091 832 his
1107 800 1302 832 solummodo
1320 800 1461 844 partibus
1478 801 1669 845 plerumque

355 855 532 897 specierum
556 854 662 886 sedem
687 855 801 897 posuit.

935 960 958 1002 g
1002 960 1090 991 xm.

400 1061 431 1092 Si
452 1063 485 1092 in
507 1074 631 1093 causam
655 1074 729 1094 usus
749 1062 890 1093 radicum
916 1061 1093 1092 Orchidum
1119 1061 1327 1104 inquirimus,
1354 1061 1440 1092 illam
1461 1062 1494 1091 in
1518 1061 1670 1104 singulari

357 1115 457 1145 forms
480 1115 719 1146 tuberculorum
742 1115 942 1158 didymorum
968 1116 1173 1158 reperiemus.
1201 1114 1355 1146 Orchides
1375 1114 1460 1145 enim
1484 1115 1599 1146 talibus
1616 1121 1670 1146 tu-

356 1167 492 1199 berculis
511 1169 671 1199 instructae
692 1168 790 1210 inagis
807 1178 902 1209 quam
925 1173 1045 1199 caeterae
1070 1167 1271 1199 adhibentur.
1298 1168 1348 1198 Sic
1376 1167 1473 1210 vulgo
1501 1174 1533 1198 et
1559 1179 1671 1200 verum

356 1220 534 1252 Turcarum
566 1220 657 1263 Salep
681 1220 816 1251 habetur
855 1220 974 1251 orchis
1005 1221 1157 1251 mascula
1194 1220 1256 1264 (ab
1285 1220 1353 1251 aliis
1389 1221 1507 1251 orchis
1535 1221 1672 1263 Morio)

357 1273 449 1316 cujus
472 1273 630 1304 tuber-culi
659 1273 827 1303 maximam
855 1284 930 1304 cum
959 1273 1095 1304 hominis
1127 1273 1279 1304 testiculis
1309 1272 1427 1304 habent
1456 1273 1671 1305 similitudinis

356 1326 507 1367 speciem,
533 1337 596 1368 quo
619 1326 739 1357 factum
764 1331 810 1356 est
828 1331 864 1357 ut
882 1326 949 1356 haec
974 1326 1080 1368 planta
1104 1337 1249 1369 magnam
1272 1326 1358 1368 apud
1378 1332 1500 1358 veteres
1523 1333 1613 1357 nacta
1631 1328 1671 1358 sit

356 1378 580 1409 celebritatem.
608 1379 707 1409 Tanta
733 1385 800 1409 erat
822 1378 917 1422 hujus
940 1379 1023 1410 fama
1046 1385 1099 1418 ut,
1121 1379 1259 1410 barbaris
1282 1379 1491 1421 temporibus,
1513 1379 1670 1411 sufficeret

356 1431 525 1462 nonnullas
551 1431 619 1475 ejus
643 1431 761 1462 radices
784 1432 866 1462 inter
888 1432 1042 1462 solemnes
1064 1437 1172 1463 vatum
1194 1433 1273 1462 ritus
1294 1431 1430 1463 edendas
1449 1431 1606 1474 praebere,
1633 1439 1671 1464 ut

356 1483 505 1528 conjuges
530 1489 606 1515 tunc
625 1495 726 1526 usque
747 1485 896 1526 temporis
915 1485 1131 1527 propagationi
1152 1484 1325 1526 inhabilem,
1352 1485 1615 1517 fecundarentur.

935 1608 959 1648 g
1003 1606 1091 1636 XIV.

401 1710 576 1741 orchidum
596 1711 714 1753 species
733 1711 826 1742 variae
846 1723 903 1753 pro
922 1712 1015 1744 variis
1033 1717 1190 1743 terrarum
1207 1712 1283 1743 locis
1304 1718 1388 1744 sunt.
1418 1713 1566 1743 Attamen
1587 1712 1667 1744 illud

357 1775 430 1795 cum
446 1763 590 1795 omnibus
609 1764 940 1807 Monocotyledonibus
960 1776 1129 1797 commune
1150 1765 1284 1806 habent,
1306 1771 1343 1797 ut
1362 1765 1521 1808 pleraeque
1544 1771 1576 1796 et
1593 1766 1669 1808 pul-

357 1816 521 1847 cherrimae
547 1818 665 1859 species
689 1819 832 1860 regiones
859 1818 998 1850 incolant
1021 1818 1080 1850 sub
1106 1825 1265 1861 aequatore
1293 1819 1364 1849 sitas
1393 1818 1444 1850 vel
1470 1818 1503 1848 in
1532 1824 1669 1861 utroque

356 1870 568 1912 hemispherio
597 1871 748 1913 aequatori
768 1871 896 1903 vicinas.
928 1871 1099 1902 climatum
1118 1872 1153 1903 in
1175 1870 1360 1914 vegetabilia
1382 1871 1429 1903 vis
1449 1869 1599 1902 mirabilis
1619 1871 1669 1902 vi—

357 1923 461 1954 detur.

398 1976 528 2006 Radices
551 1976 661 2008 revera
684 1977 856 2009 multarum
887 1979 1063 2022 specierum
1090 1978 1285 2010 e'xoticarum
1313 1988 1377 2008 non
1407 1976 1501 2009 modo
1528 1976 1666 2017 fibrosae,

356 2040 467 2065 verum
490 2029 584 2061 etiam
603 2030 773 2072 parasiticae
795 2037 879 2062 sunt.
