1809 2469
894 196 907 236 (
926 195 968 226 30
990 193 1005 237 )

289 278 357 314 post
378 282 410 302 se
435 270 467 301 in
491 269 599 301 eodem
622 275 756 312 puncto,
777 268 860 311 qnod
884 273 1040 309 punctum
1063 278 1239 298 concursus
1261 273 1404 307 vocatur,
1426 274 1606 311 congregat.

288 326 319 355 Si
335 324 414 355 radii
429 324 558 356 veniant
573 322 611 354 ab
625 322 747 366 objecto
765 323 836 353 satis
851 321 1026 363 longinquo
1046 326 1082 351 ut
1098 332 1153 362 pro
1173 320 1329 362 parallelis
1345 320 1452 351 haberi
1471 321 1608 363 possint,

289 384 447 421 punctum
467 388 638 408 concursus
660 382 789 407 vocatur
809 375 903 407 lentis
912 373 1032 416 focus,
1060 373 1192 416 ejusque
1213 385 1229 404 a
1249 374 1334 404 lente
1353 374 1497 404 distantia
1514 373 1611 416 hujus

289 432 453 462 distantia
473 430 612 473 foculis.
649 429 738 460 Radii
769 430 803 460 in
827 429 953 471 punctis
979 438 1150 457 concursus
1179 427 1347 468 intercepti
1371 427 1528 458 inversam
1554 427 1611 458 ob*

290 484 365 527 jecti
392 484 562 526 imaginem
588 482 751 513 exhibent.

335 538 374 568 Π.
409 536 568 575 Quaelibet
593 535 661 566 lens
691 546 835 565 concava
862 533 964 564 radios
991 544 1028 564 ex
1056 532 1167 563 eodem
1200 532 1314 575 obiecti
1343 539 1463 575 puncto
1488 534 1613 565 emissos

292 592 334 621 ita
355 590 522 632 dispergit,
549 600 584 620 ac
606 590 631 619 si
654 599 671 619 e
691 588 837 630 propiore
860 586 995 629 quodam
1016 591 1136 627 puncto
1157 585 1189 616 in
1212 597 1270 616 axe
1291 586 1384 616 lentis
1406 594 1612 618 emanassent.

293 644 325 674 Si
352 643 391 674 de
417 641 631 673 incidentibus
657 641 751 672 radiis
782 639 938 682 parallelis
968 639 1098 681 quaestio
1127 639 1186 678 sit,
1216 639 1276 670 hoc
1302 650 1430 681 quoque
1457 646 1615 682 punctum

293 696 391 738 vulgo
416 701 546 727 vocatur
567 694 672 734 focus
703 694 813 732 lentis,
841 693 973 736 ejusque
997 704 1014 722 a
1040 691 1126 724 lente
1157 692 1302 722 distantia
1331 692 1428 734 hujus
1453 693 1615 723 distantia

288 749 436 791 foculis,
473 748 548 778 licet
570 748 674 790 potius
698 746 778 777 illud
802 751 960 788 punctum
987 744 1158 775 dicendum
1181 745 1221 774 sit
1237 750 1401 785 punctum
1425 745 1614 786 dispersus,

295 801 428 845 ejusque
454 813 470 831 a
494 801 580 831 lente
604 799 749 830 distantia
776 798 873 841 hujus
897 798 1061 828 distantia
1085 797 1266 838 dispersus.

339 854 393 884 ΙΙΙ.
427 852 517 883 Radii
537 852 615 883 lenti
637 863 786 884 convexae
808 862 846 882 ex
866 851 964 892 ipsius
987 850 1056 880 foco
1081 849 1274 888 incidentes,
1297 855 1353 879 aut
1373 849 1451 880 lenti
1472 861 1617 883 concavae

296 908 338 937 ita
360 905 551 944 incidentes,
580 916 615 935 ac
635 905 660 935 si
682 904 720 935 ad
745 915 934 936 concursum
954 904 987 934 in
1008 904 1105 945 ipsius
1126 903 1196 934 foco
1217 902 1401 942 tenderent,
1422 902 1462 934 ab
1484 910 1620 947 utraque

299 961 341 990 ita
365 959 609 1000 refringuntur,
639 964 675 989 ut
699 963 804 1000 postea
829 957 971 1000 paralleli
997 956 1142 988 evadant.

342 1011 398 1042 IV.
434 1011 517 1041 Citra
552 1022 690 1042 errorem
720 1010 844 1041 admitti
873 1015 997 1052 potest,
1032 1008 1206 1051 quemlibet
1234 1007 1358 1039 radium
1387 1019 1444 1050 per
1474 1015 1620 1041 centrum

299 1065 393 1096 lentis
416 1076 479 1095 non
505 1064 599 1094 nitnis
622 1075 731 1095 crassae
756 1069 972 1094 transeuntem
992 1062 1078 1092 illam
1105 1062 1147 1092 ita
1172 1060 1333 1104 trajicere,
1360 1066 1398 1092 ut
1421 1062 1541 1095 nullam
1569 1074 1623 1094 re-

300 1118 491 1148 fractionem
514 1118 706 1158 experiatur.

344 1170 385 1200 V.
419 1169 593 1208 Quodlibet
629 1169 788 1213 objectum
816 1175 904 1199 tanto
934 1169 1033 1211 magis
1063 1167 1291 1209 amplificatum
1323 1174 1474 1209 apparet,
1505 1175 1624 1210 quanto

302 1223 402 1266 major
429 1224 464 1253 fit
488 1222 641 1265 angulus,
671 1223 726 1265 qui
754 1234 770 1252 a
794 1222 888 1253 radiis
910 1221 949 1252 ab
973 1220 1125 1252 ambobus
1148 1219 1234 1251 illius
1260 1221 1410 1251 extremis
1435 1222 1627 1254 exeuntibus

303 1276 342 1306 ad
367 1275 450 1307 oculi
476 1281 621 1306 centrum
644 1274 822 1315 formatur,
848 1274 1017 1316 (angulus
1043 1273 1219 1314 visionis.)

346 1328 401 1358 VI.
435 1327 513 1358 Coni
541 1327 711 1366 luminosi,
739 1327 855 1370 quibus
884 1327 1044 1368 objectum
1076 1325 1206 1368 aliquod
1237 1324 1359 1358 visibile
1388 1326 1445 1366 fit,
1478 1338 1558 1358 num
1588 1339 1626 1359 ex

305 1380 428 1424 objecto
451 1380 518 1423 ipso
538 1380 796 1422 progrediantur,
822 1392 862 1411 an
883 1391 922 1410 ex
946 1379 1015 1410 loco
1036 1379 1173 1422 quodam
1194 1378 1360 1421 propiore,
1379 1379 1413 1409 in
1432 1390 1496 1421 quo
1518 1379 1629 1423 cujus-

306 1444 445 1476 cumque
471 1433 562 1471 coni,
589 1443 606 1463 e
633 1432 763 1464 diversis
788 1432 902 1477 objecti
927 1433 1054 1475 punctis
1079 1432 1203 1470 emissi,
1233 1431 1313 1462 radii
1342 1432 1385 1462 ita
1411 1439 1628 1473 concurrunt,

306 1493 343 1518 ut
366 1486 410 1516 ibi
432 1486 601 1527 imaginem
628 1484 742 1528 objecti
773 1486 932 1525 forment,
962 1486 1091 1517 omnino
1115 1484 1247 1528 perinde
1271 1491 1337 1524 est3
1368 1486 1487 1528 quippe
1517 1496 1555 1516 ex
1581 1486 1631 1517 his

307 1539 456 1580 punctis,
487 1538 562 1568 licet
592 1537 653 1568 illis
684 1537 844 1581 objectum
877 1540 961 1570 reale
989 1538 1182 1569 substratum
1212 1549 1276 1568 non
1307 1538 1367 1576 sit,
1402 1538 1502 1569 nihilo
1529 1539 1631 1569 secius

309 1591 419 1622 eadem
443 1591 571 1621 omnino
600 1597 721 1621 ratione
747 1592 1015 1634 progrediuntur,
1043 1603 1078 1622 ao
1103 1602 1142 1622 ex
1166 1590 1429 1633 respondentibus
1449 1591 1511 1622 illis
1533 1592 1631 1634 ipsius

310 1644 425 1688 objecti
447 1645 586 1686 punctis.

354 1697 425 1727 VII.
455 1698 487 1727 Si
511 1696 616 1727 radius
637 1696 813 1728 luminosus
834 1700 866 1729 in
887 1699 1086 1742 superficiem
1107 1697 1229 1740 speculi
1254 1697 1476 1741 cujuscunque
1498 1697 1631 1738 incidat,

312 1755 481 1791 erectaque
510 1750 543 1779 in
571 1755 690 1791 puncto
718 1750 898 1782 incidentiae
927 1751 1051 1782 catheto
1081 1762 1138 1794 per
1162 1751 1244 1782 hanc
1274 1757 1370 1793 atque
1395 1751 1519 1782 radium
1550 1751 1634 1782 inci-

314 1803 442 1833 dentem
471 1808 582 1844 agatur
604 1802 756 1844 planum,
792 1804 898 1836 radius
927 1816 1054 1847 quoque
1075 1804 1212 1836 reflexus
1238 1805 1272 1835 in
1298 1804 1408 1835 eodem
1442 1810 1488 1835 est
1518 1804 1633 1847 plano,

315 1862 347 1886 et
368 1867 442 1887 cum
469 1856 593 1886 catheto
619 1856 799 1888 incidentiae
823 1858 982 1898 eundem,
1012 1869 1109 1901 quem
1134 1857 1294 1897 incidens,
1325 1857 1441 1888 format
1465 1857 1631 1900 angulum.

357 1908 443 1940 VIII.
477 1909 650 1951 Speculum
676 1909 806 1951 planum
836 1923 944 1943 omnes
972 1911 1093 1951 radioS,
1126 1923 1143 1942 a
1174 1916 1293 1954 puncto
1323 1910 1461 1953 quodam
1492 1910 1633 1942 radiante

307 1963 350 2000 ¹in
371 1961 452 1994 illud
474 1961 650 2006 conjectOS,
675 1963 717 1993 ita
739 1963 891 2005 reflectit,
918 1976 954 1996 ac
973 1965 998 1997 si
1019 1976 1036 1996 e
1062 1970 1182 2008 puncto
1206 1964 1352 1997 venirent
1377 1970 1446 2007 post
1467 1963 1633 2006 speculum
