1809 2469
896 204 907 246 (
930 205 950 235 2
975 204 986 246 )

321 278 351 309 J.
376 278 569 309 LEMAIRE.
598 277 693 321 Prof.
718 277 895 309 Extraord.
921 278 1179 308 Astronomiam
1200 277 1385 319 Physicam
1404 284 1437 309 et
1459 278 1598 310 Mathe-

280 334 436 363 maticam
465 332 583 372 tradet,
614 332 725 364 diebus
750 333 865 371 Lunae,
898 331 1004 362 Martis
1029 337 1060 362 et
1084 331 1253 370 Mercurii,
1283 331 1360 362 hor&
1388 331 1443 362 IV.
1477 331 1596 363 Diebus

280 386 387 417 Martis
409 391 441 416 et
459 385 607 425 Veneris,
632 385 707 416 hora
729 386 846 415 octava
866 384 1042 426 vespertine}
1073 384 1292 415 Geometriam
1312 390 1344 415 et
1364 384 1599 416 Mechanicam

279 439 407 469 artibus
429 439 634 479 applicatam
658 438 812 469 tractabit.

323 492 357 521 C.
383 491 421 521 A.
448 491 653 523 BERGSMA.
683 491 779 534 Prof.
806 490 983 521 Exti-aorcl.
1014 490 1091 521 Suas
1110 489 1230 521 scholas
1250 496 1354 533 postea
1376 488 1537 520 indicabit.

628 594 756 640 Ordo
799 593 1257 641 Jurisconsultorum.

321 701 358 731 P.
389 701 418 731 J.
449 702 505 731 DE
533 701 739 732 RYCKERE.
776 702 967 732 Historiam
995 707 1028 731 et
1055 702 1298 742 Antiquitates
1333 701 1427 731 Juris
1456 701 1600 732 Romani

281 754 383 785 tradet
403 754 513 785 diebus
533 755 635 793 Jovis‚
660 755 794 785 Veneris
817 760 848 784 et
869 754 1012 792 Saturni,
1037 754 1113 784 hora
1132 754 1189 784 XI.

321 807 556 838 Institutiones
576 807 782 843 lastiniani,
810 806 934 837 collatas
955 818 1029 837 cum
1050 806 1231 849 purioribus
1250 807 1336 839 Juris
1354 807 1601 839 aute-Justinia-

278 861 331 891 nei
352 860 508 900 sontibus,
530 866 561 891 et
582 861 755 903 praesertim
776 871 848 891 cum
865 860 1032 891 novissime
1058 860 1217 890 Veronae
1236 861 1368 902 repertis
1395 859 1471 901 Caji
1492 860 1600 891 Insti-

282 914 485 950 tutionibus,
511 913 681 956 explicabit
701 913 812 944 diebus
831 914 981 944 Mercurii
996 913 1072 944 1ιοΓὲ
1089 914 1151 953 ΧΙ,
1167 914 1253 945 Jovis
1272 920 1304 944 et
1318 913 1452 945 Veneris
1465 914 1541 944 horai
1557 914 1599 944 X.

325 967 517 997 Pandectas
535 965 796 1009 interpretabitur
815 966 926 997 diebus
948 966 1114 1007 Mercurii,
1134 967 1152 997 J
1155 967 1235 1006 ovis,
1254 967 1388 998 Veneris
1407 973 1438 998 et
1456 967 1600 1005 Saturni,

281 1020 357 1051 hor-2⁴1
381 1020 434 1050 III.

323 1073 354 1103 J.
379 1074 408 1103 J.
433 1073 554 1104 HAUS.
579 1073 641 1103 Jus
665 1073 832 1103 Naturale
857 1072 1048 1115 explicabit,
1076 1073 1187 1105 diebus
1210 1074 1312 1114 Jovis,
1335 1074 1468 1105 Veneris
1490 1080 1522 1105 et
1545 1074 1602 1104 Sa-

282 1127 386 1166 turni,
411 1127 488 1157 hor&
509 1127 649 1167 septima
670 1125 842 1164 matutina,
863 1126 1038 1157 secundum
1060 1126 1178 1158 librum
1199 1139 1310 1158 suum:
1334 1128 1509 1158 Elementa
1525 1128 1603 1158 doc-⁶

283 1180 377 1209 trinoe
390 1179 483 1221 juris
502 1179 743 1219 philosophicae
764 1179 834 1209 sive
847 1178 941 1220 juris
966 1181 1145 1210 naturalis.
1172 1180 1315 1212 Gandavi
1339 1182 1434 1220 1824.

325 1233 387 1262 Jus
411 1232 592 1262 Publicum
613 1232 791 1274 Belgicam
813 1231 953 1271 docebit,
985 1232 1095 1263 diebus
1119 1233 1235 1272 Lunae,
1255 1233 1363 1264 Martis
1383 1239 1415 1264 et
1436 1233 1603 1273 Mercurii,

282 1285 359 1316 hor&
375 1286 516 1325 septima
524 1307 535 1321 ,
553 1284 604 1315 die
618 1284 751 1315 Veneris
766 1289 872 1314 autem
889 1284 966 1314 horst
983 1286 1116 1315 πτανά.-
1132 1296 1234 1329 eoque
1249 1286 1354 1326 finito,
1367 1287 1430 1317 Jus
1449 1286 1605 1317 Gentium

283 1339 524 1379 Europoearum
547 1337 739 1367 hodiernum
766 1336 878 1367 tradet.

326 1393 389 1422 Jus
417 1391 596 1422 Criminale
616 1390 806 1421 hodiernum
829 1397 966 1433 exponet
986 1390 1097 1422 diebus
1113 1392 1229 1432 Lunae,
1252 1392 1376 1431 Martis,
1400 1392 1550 1424 Mercurii
1573 1399 1605 1424 et

284 1445 386 1484 Jovis,
410 1444 486 1475 horai
513 1444 640 1474 octavd.

327 1498 365 1528 B.
383 1498 417 1528 F.
434 1498 463 1528 J.
480 1497 567 1528 VAN
585 1497 815 1528 WAMBEKE.
839 1497 932 1527 Juris
952 1498 1062 1528 civilis
1078 1498 1227 1529 hodierni
1247 1498 1397 1530 Codicem
1413 1500 1605 1542 interpreta-

284 1552 385 1591 bitur,
402 1551 512 1582 diebus
523 1552 635 1590 Lunae,
651 1551 759 1582 Martis
767 1575 775 1591 ,
791 1551 956 1590 Mercurii,
969 1551 988 1581 J
990 1552 1069 1591 ovis,
1081 1551 1215 1582 Veneris
1224 1557 1256 1582 et
1265 1552 1408 1592 Saturni,
1420 1552 1496 1583 hor&
1506 1555 1603 1583 nond.

329 1606 376 1636 De
385 1605 586 1646 procedendi
601 1606 727 1635 ratione
744 1606 777 1635 in
792 1607 905 1636 causis
918 1605 1075 1636 civilibus
1089 1605 1305 1649 praelectiones
1320 1611 1389 1637 tum
1405 1606 1605 1645 theoreticas,

288 1665 355 1690 tum
379 1659 531 1701 practicas
547 1657 690 1699 habebit,
713 1658 822 1690 diebus
839 1660 940 1699 Jovis,
962 1659 1095 1690 Veneris
1110 1666 1142 1690 et
1156 1659 1302 1699 Saturni,
1325 1659 1401 1690 hor&
1423 1660 1562 1690 decima.

447 1772 575 1817 Ordo
610 1771 1003 1837 Philosophorum
1038 1783 1082 1819 et
1116 1774 1444 1820 Literatorum.

332 1880 371 1910 G.
396 1880 431 1909 L.
457 1879 615 1910 MAHNE.
645 1880 812 1920 Quotidie,
834 1881 872 1912 ab
893 1881 969 1912 hor&
993 1882 1024 1912 X
1043 1881 1082 1912 ad
1103 1882 1180 1921 XII,
1202 1881 1322 1912 scholas
1342 1881 1485 1921 habebit,
1508 1882 1607 1924 inque

288 1933 325 1962 iis
339 1933 470 1963 Literas
482 1933 645 1970 Latinas,
658 1935 902 1976 Antiquitates
914 1936 1104 1972 Romanas,
1120 1941 1152 1966 et
1163 1935 1353 1966 Historiam
1365 1935 1604 1972 doctrinarum,

287 1997 360 2016 cum
377 1986 469 2027 apud
494 1986 642 2023 Graecos,
669 1993 739 2018 tum
760 1989 853 2029 apud
871 1989 1029 2026 Latinos,
1056 1989 1253 2021 auditoribus
1274 1989 1432 2032 explicare
1452 1994 1575 2032 perget.
