<?xml version="1.0" encoding="UTF-8"?>
<!DOCTYPE html PUBLIC "-//W3C//DTD XHTML 1.0 Transitional//EN"
    "http://www.w3.org/TR/xhtml1/DTD/xhtml1-transitional.dtd">
<html xmlns="http://www.w3.org/1999/xhtml" xml:lang="en" lang="en">
 <head>
  <title>
</title>
<meta http-equiv="Content-Type" content="text/html;charset=utf-8" />
  <meta name='ocr-system' content='tesseract 3.04.00' />
  <meta name='ocr-capabilities' content='ocr_page ocr_carea ocr_par ocr_line ocrx_word'/>
</head>
<body>
  <div class='ocr_page' id='page_1' title='image "annalesacademiae26gand_0118.png"; bbox 0 0 1809 2469; ppageno 0'>
   <div class='ocr_carea' id='block_1_1' title="bbox 341 234 1674 404">
    <p class='ocr_par' dir='ltr' id='par_1_1' title="bbox 341 234 1674 404">
     <span class='ocr_line' id='line_1_1' title="bbox 966 234 1056 277; baseline 0.022 -3"><span class='ocrx_word' id='word_1_1' title='bbox 966 234 977 275; x_wconf 91' lang='lat'>(</span> <span class='ocrx_word' id='word_1_2' title='bbox 1001 235 1019 274; x_wconf 68' lang='lat'><strong><em>4</em></strong></span> <span class='ocrx_word' id='word_1_3' title='bbox 1045 235 1056 277; x_wconf 91' lang='lat'>)</span> 
     </span>
     <span class='ocr_line' id='line_1_2' title="bbox 343 307 1674 352; baseline 0.001 -12"><span class='ocrx_word' id='word_1_4' title='bbox 343 321 383 340; x_wconf 85' lang='lat' dir='ltr'>ne</span> <span class='ocrx_word' id='word_1_5' title='bbox 405 309 544 340; x_wconf 76' lang='lat' dir='ltr'>severius</span> <span class='ocrx_word' id='word_1_6' title='bbox 565 308 754 339; x_wconf 77' lang='lat' dir='ltr'>sententiam</span> <span class='ocrx_word' id='word_1_7' title='bbox 780 308 860 339; x_wconf 73' lang='lat' dir='ltr'>ferat</span> <span class='ocrx_word' id='word_1_8' title='bbox 885 307 924 338; x_wconf 89' lang='lat' dir='ltr'>de</span> <span class='ocrx_word' id='word_1_9' title='bbox 944 313 1060 338; x_wconf 88' lang='lat' dir='ltr'>conatu</span> <span class='ocrx_word' id='word_1_10' title='bbox 1081 307 1254 339; x_wconf 77' lang='lat' dir='ltr'><strong>certissime</strong></span> <span class='ocrx_word' id='word_1_11' title='bbox 1277 308 1409 352; x_wconf 84' lang='lat' dir='ltr'>indigno</span> <span class='ocrx_word' id='word_1_12' title='bbox 1430 310 1486 352; x_wconf 84' lang='lat' dir='ltr'>qui</span> <span class='ocrx_word' id='word_1_13' title='bbox 1508 310 1614 341; x_wconf 87' lang='lat' dir='ltr'>oeulos</span> <span class='ocrx_word' id='word_1_14' title='bbox 1638 311 1674 341; x_wconf 84' lang='lat' dir='ltr'>in</span> 
     </span>
     <span class='ocr_line' id='line_1_3' title="bbox 341 361 1674 404; baseline 0.002 -11"><span class='ocrx_word' id='word_1_15' title='bbox 341 374 373 393; x_wconf 85' lang='lat' dir='ltr'>se</span> <span class='ocrx_word' id='word_1_16' title='bbox 394 368 558 393; x_wconf 79' lang='lat' dir='ltr'>convertat</span> <span class='ocrx_word' id='word_1_17' title='bbox 581 362 708 393; x_wconf 84' lang='lat' dir='ltr'>illorum</span> <span class='ocrx_word' id='word_1_18' title='bbox 732 373 810 404; x_wconf 85' lang='lat' dir='ltr'>quos</span> <span class='ocrx_word' id='word_1_19' title='bbox 836 361 979 392; x_wconf 87' lang='lat' dir='ltr'>studium</span> <span class='ocrx_word' id='word_1_20' title='bbox 1004 362 1150 403; x_wconf 76' lang='lat' dir='ltr'><strong>pertinax</strong></span> <span class='ocrx_word' id='word_1_21' title='bbox 1174 361 1322 394; x_wconf 86' lang='lat' dir='ltr'>omnibus</span> <span class='ocrx_word' id='word_1_22' title='bbox 1344 364 1465 394; x_wconf 85' lang='lat' dir='ltr'>arcanis</span> <span class='ocrx_word' id='word_1_23' title='bbox 1487 370 1593 395; x_wconf 78' lang='lat' dir='ltr'>textus</span> <span class='ocrx_word' id='word_1_24' title='bbox 1615 376 1674 396; x_wconf 88' lang='lat' dir='ltr'>ve·-</span> 
     </span>
    </p>
   </div>
   <div class='ocr_carea' id='block_1_2' title="bbox 342 414 1673 513">
    <p class='ocr_par' dir='ltr' id='par_1_2' title="bbox 342 414 1673 513">
     <span class='ocr_line' id='line_1_4' title="bbox 342 414 1672 459; baseline 0.001 -13"><span class='ocrx_word' id='word_1_25' title='bbox 342 415 485 459; x_wconf 82' lang='lat' dir='ltr'>getabilis</span> <span class='ocrx_word' id='word_1_26' title='bbox 510 416 667 454; x_wconf 83' lang='lat' dir='ltr'>initiavit,</span> <span class='ocrx_word' id='word_1_27' title='bbox 707 421 739 446; x_wconf 90' lang='lat' dir='ltr'>et</span> <span class='ocrx_word' id='word_1_28' title='bbox 766 415 881 446; x_wconf 73' lang='lat' dir='ltr'>obnixe</span> <span class='ocrx_word' id='word_1_29' title='bbox 907 426 983 457; x_wconf 82' lang='lat' dir='ltr'>rogo</span> <span class='ocrx_word' id='word_1_30' title='bbox 1008 420 1046 445; x_wconf 83' lang='lat' dir='ltr'>ut</span> <span class='ocrx_word' id='word_1_31' title='bbox 1070 414 1276 458; x_wconf 80' lang='lat' dir='ltr'>indulgenter</span> <span class='ocrx_word' id='word_1_32' title='bbox 1306 416 1469 448; x_wconf 84' lang='lat' dir='ltr'>historiam</span> <span class='ocrx_word' id='word_1_33' title='bbox 1493 417 1672 449; x_wconf 76' lang='lat' dir='ltr'>naturalem</span> 
     </span>
     <span class='ocr_line' id='line_1_5' title="bbox 342 468 1673 513; baseline 0.002 -14"><span class='ocrx_word' id='word_1_34' title='bbox 342 468 490 499; x_wconf 83' lang='lat' dir='ltr'>Orchidis</span> <span class='ocrx_word' id='word_1_35' title='bbox 509 474 621 499; x_wconf 63' lang='lat' dir='ltr'>nostra}</span> <span class='ocrx_word' id='word_1_36' title='bbox 642 468 744 511; x_wconf 82' lang='lat' dir='ltr'>legat:</span> <span class='ocrx_word' id='word_1_37' title='bbox 767 479 838 511; x_wconf 83' lang='lat' dir='ltr'>quae</span> <span class='ocrx_word' id='word_1_38' title='bbox 854 468 982 500; x_wconf 82' lang='lat' dir='ltr'>historia</span> <span class='ocrx_word' id='word_1_39' title='bbox 1004 468 1116 513; x_wconf 81' lang='lat' dir='ltr'>procul</span> <span class='ocrx_word' id='word_1_40' title='bbox 1132 469 1229 501; x_wconf 87' lang='lat' dir='ltr'>dubio</span> <span class='ocrx_word' id='word_1_41' title='bbox 1245 481 1309 501; x_wconf 89' lang='lat' dir='ltr'>non</span> <span class='ocrx_word' id='word_1_42' title='bbox 1325 469 1364 501; x_wconf 86' lang='lat' dir='ltr'>ab</span> <span class='ocrx_word' id='word_1_43' title='bbox 1381 471 1467 502; x_wconf 85' lang='lat' dir='ltr'>omni</span> <span class='ocrx_word' id='word_1_44' title='bbox 1487 470 1673 503; x_wconf 83' lang='lat' dir='ltr'>difficultate</span> 
     </span>
    </p>
   </div>
   <div class='ocr_carea' id='block_1_3' title="bbox 340 523 575 553">
    <p class='ocr_par' dir='ltr' id='par_1_3' title="bbox 340 523 575 553">
     <span class='ocr_line' id='line_1_6' title="bbox 340 523 575 553; baseline -0.004 0"><span class='ocrx_word' id='word_1_45' title='bbox 340 523 493 553; x_wconf 84' lang='lat' dir='ltr'>immunis</span> <span class='ocrx_word' id='word_1_46' title='bbox 519 527 575 553; x_wconf 82' lang='lat' dir='ltr'>est.</span> 
     </span>
    </p>
   </div>
   <div class='ocr_carea' id='block_1_4' title="bbox 958 593 1066 636">
    <p class='ocr_par' dir='ltr' id='par_1_4' title="bbox 958 593 1066 636">
     <span class='ocr_line' id='line_1_7' title="bbox 958 593 1066 636; baseline 0.009 -11"><span class='ocrx_word' id='word_1_47' title='bbox 958 593 981 636; x_wconf 67' lang='lat' dir='ltr'>g</span> <span class='ocrx_word' id='word_1_48' title='bbox 1026 595 1066 626; x_wconf 86' lang='lat'>11.</span> 
     </span>
    </p>
   </div>
   <div class='ocr_carea' id='block_1_5' title="bbox 339 679 1673 828">
    <p class='ocr_par' dir='ltr' id='par_1_5' title="bbox 339 679 1673 828">
     <span class='ocr_line' id='line_1_8' title="bbox 384 679 1671 724; baseline 0.003 -14"><span class='ocrx_word' id='word_1_49' title='bbox 384 679 547 718; x_wconf 82' lang='lat' dir='ltr'>Quasdam</span> <span class='ocrx_word' id='word_1_50' title='bbox 586 679 687 722; x_wconf 84' lang='lat' dir='ltr'>igitur</span> <span class='ocrx_word' id='word_1_51' title='bbox 716 680 879 722; x_wconf 82' lang='lat' dir='ltr'>generales</span> <span class='ocrx_word' id='word_1_52' title='bbox 916 679 1149 713; x_wconf 81' lang='lat' dir='ltr'>observationes</span> <span class='ocrx_word' id='word_1_53' title='bbox 1180 682 1214 712; x_wconf 91' lang='lat' dir='ltr'>in</span> <span class='ocrx_word' id='word_1_54' title='bbox 1246 681 1404 724; x_wconf 85' lang='lat' dir='ltr'>integram</span> <span class='ocrx_word' id='word_1_55' title='bbox 1439 681 1671 714; x_wconf 79' lang='lat' dir='ltr'>Orchideurum</span> 
     </span>
     <span class='ocr_line' id='line_1_9' title="bbox 340 732 1673 779; baseline 0.004 -17"><span class='ocrx_word' id='word_1_56' title='bbox 340 732 495 764; x_wconf 82' lang='lat' dir='ltr'>familiam</span> <span class='ocrx_word' id='word_1_57' title='bbox 521 732 733 774; x_wconf 83' lang='lat' dir='ltr'><strong>proferemus.</strong></span> <span class='ocrx_word' id='word_1_58' title='bbox 767 732 889 763; x_wconf 82' lang='lat' dir='ltr'>Tabula</span> <span class='ocrx_word' id='word_1_59' title='bbox 923 734 1008 764; x_wconf 88' lang='lat' dir='ltr'>infra</span> <span class='ocrx_word' id='word_1_60' title='bbox 1045 734 1203 765; x_wconf 84' lang='lat' dir='ltr'>delineata</span> <span class='ocrx_word' id='word_1_61' title='bbox 1236 735 1337 767; x_wconf 84' lang='lat' dir='ltr'>varias</span> <span class='ocrx_word' id='word_1_62' title='bbox 1367 735 1478 765; x_wconf 86' lang='lat' dir='ltr'>classes</span> <span class='ocrx_word' id='word_1_63' title='bbox 1507 736 1673 779; x_wconf 83' lang='lat' dir='ltr'>variosque</span> 
     </span>
     <span class='ocr_line' id='line_1_10' title="bbox 339 784 1552 828; baseline 0.002 -12"><span class='ocrx_word' id='word_1_64' title='bbox 339 784 465 816; x_wconf 84' lang='lat' dir='ltr'>ordines</span> <span class='ocrx_word' id='word_1_65' title='bbox 486 784 526 816; x_wconf 83' lang='lat' dir='ltr'>ad</span> <span class='ocrx_word' id='word_1_66' title='bbox 550 796 628 827; x_wconf 85' lang='lat' dir='ltr'>quos</span> <span class='ocrx_word' id='word_1_67' title='bbox 649 785 803 828; x_wconf 74' lang='lat' dir='ltr'>praecipui</span> <span class='ocrx_word' id='word_1_68' title='bbox 828 791 973 816; x_wconf 83' lang='lat' dir='ltr'>auctores</span> <span class='ocrx_word' id='word_1_69' title='bbox 999 785 1154 817; x_wconf 86' lang='lat' dir='ltr'>Orchides</span> <span class='ocrx_word' id='word_1_70' title='bbox 1175 787 1378 828; x_wconf 77' lang='lat' dir='ltr'>retulerunt,</span> <span class='ocrx_word' id='word_1_71' title='bbox 1406 787 1552 819; x_wconf 84' lang='lat' dir='ltr'>exhibet:</span> 
     </span>
    </p>
   </div>
   <div class='ocr_carea' id='block_1_6' title="bbox 792 892 1232 925">
    <p class='ocr_par' dir='ltr' id='par_1_6' title="bbox 792 892 1232 925">
     <span class='ocr_line' id='line_1_11' title="bbox 792 892 1232 925; baseline 0.007 -3"><span class='ocrx_word' id='word_1_72' title='bbox 792 892 964 924; x_wconf 82' lang='lat' dir='ltr'><strong>TABULA</strong></span> <span class='ocrx_word' id='word_1_73' title='bbox 1002 893 1218 925; x_wconf 91' lang='lat' dir='ltr'><strong>CLASSIUM.</strong></span> <span class='ocrx_word' id='word_1_74' title='bbox 1229 903 1232 906; x_wconf 59' lang='lat'><strong>⁴</strong></span> 
     </span>
    </p>
   </div>
   <div class='ocr_carea' id='block_1_7' title="bbox 385 1039 1580 1217">
    <p class='ocr_par' dir='ltr' id='par_1_7' title="bbox 385 1039 1580 1217">
     <span class='ocr_line' id='line_1_12' title="bbox 880 1039 1125 1068; baseline -0.004 0"><span class='ocrx_word' id='word_1_75' title='bbox 880 1041 898 1068; x_wconf 94' lang='lat' dir='ltr'>S</span> <span class='ocrx_word' id='word_1_76' title='bbox 908 1040 929 1067; x_wconf 91' lang='lat' dir='ltr'>E</span> <span class='ocrx_word' id='word_1_77' title='bbox 939 1039 958 1068; x_wconf 91' lang='lat' dir='ltr'>C</span> <span class='ocrx_word' id='word_1_78' title='bbox 968 1040 990 1067; x_wconf 84' lang='lat' dir='ltr'><strong>U</strong></span> <span class='ocrx_word' id='word_1_79' title='bbox 1001 1040 1023 1067; x_wconf 91' lang='lat' dir='ltr'>N</span> <span class='ocrx_word' id='word_1_80' title='bbox 1033 1040 1056 1068; x_wconf 93' lang='lat' dir='ltr'>D</span> <span class='ocrx_word' id='word_1_81' title='bbox 1066 1040 1088 1067; x_wconf 94' lang='lat' dir='ltr'><strong>U</strong></span> <span class='ocrx_word' id='word_1_82' title='bbox 1099 1041 1125 1067; x_wconf 87' lang='lat' dir='ltr'><strong><em>M</em></strong></span> 
     </span>
     <span class='ocr_line' id='line_1_13' title="bbox 385 1184 1580 1217; baseline -0.002 0"><span class='ocrx_word' id='word_1_83' title='bbox 385 1186 659 1217; x_wconf 72' lang='lat' dir='ltr'>T&#39;OURNEFORTIUM.</span> <span class='ocrx_word' id='word_1_84' title='bbox 746 1186 932 1216; x_wconf 83' lang='lat' dir='ltr'>LINNAEUM.</span> <span class='ocrx_word' id='word_1_85' title='bbox 1047 1184 1242 1216; x_wconf 72' lang='lat' dir='ltr'>JthsmuM.</span> <span class='ocrx_word' id='word_1_86' title='bbox 1339 1184 1580 1215; x_wconf 69' lang='lat' dir='ltr'>LAMARme.</span> 
     </span>
    </p>
   </div>
   <div class='ocr_carea' id='block_1_8' title="bbox 421 1330 1625 1376">
    <p class='ocr_par' dir='ltr' id='par_1_8' title="bbox 421 1330 1625 1376">
     <span class='ocr_line' id='line_1_14' title="bbox 421 1330 1625 1376; baseline -0.002 -13"><span class='ocrx_word' id='word_1_87' title='bbox 421 1331 625 1375; x_wconf 85' lang='lat' dir='ltr'>Polypetalae.</span> <span class='ocrx_word' id='word_1_88' title='bbox 687 1358 690 1364; x_wconf 96' lang='grc'><em>,</em></span> <span class='ocrx_word' id='word_1_89' title='bbox 744 1332 940 1376; x_wconf 83' lang='lat' dir='ltr'>Gynandria.</span> <span class='ocrx_word' id='word_1_90' title='bbox 1024 1330 1272 1373; x_wconf 85' lang='lat' dir='ltr'>Monoepigynia.</span> <span class='ocrx_word' id='word_1_91' title='bbox 1303 1331 1625 1360; x_wconf 78' lang='lat' dir='ltr'>Liliaceaes.Anomalae.</span> 
     </span>
    </p>
   </div>
   <div class='ocr_carea' id='block_1_9' title="bbox 423 1394 1519 1439">
    <p class='ocr_par' dir='ltr' id='par_1_9' title="bbox 423 1394 1519 1439">
     <span class='ocr_line' id='line_1_15' title="bbox 423 1394 1519 1439; baseline -0.003 -11"><span class='ocrx_word' id='word_1_92' title='bbox 423 1396 625 1439; x_wconf 77' lang='lat' dir='ltr'>irregulares,</span> <span class='ocrx_word' id='word_1_93' title='bbox 688 1400 691 1402; x_wconf 82' lang='lat'>&#39;</span> <span class='ocrx_word' id='word_1_94' title='bbox 806 1405 880 1428; x_wconf 70' lang='lat' dir='ltr'>ordo:</span> <span class='ocrx_word' id='word_1_95' title='bbox 1088 1394 1201 1426; x_wconf 66' lang='lat' dir='ltr'>familia:</span> <span class='ocrx_word' id='word_1_96' title='bbox 1405 1405 1503 1428; x_wconf 64' lang='lat' dir='ltr'>familia</span> <span class='ocrx_word' id='word_1_97' title='bbox 1514 1414 1519 1428; x_wconf 83' lang='lat'>.-</span> 
     </span>
    </p>
   </div>
   <div class='ocr_carea' id='block_1_10' title="bbox 766 1463 1551 1509">
    <p class='ocr_par' dir='ltr' id='par_1_10' title="bbox 766 1463 1551 1509">
     <span class='ocr_line' id='line_1_16' title="bbox 766 1463 1551 1509; baseline 0.01 -19"><span class='ocrx_word' id='word_1_98' title='bbox 766 1466 914 1509; x_wconf 76' lang='lat' dir='ltr'>Digynia‚</span> <span class='ocrx_word' id='word_1_99' title='bbox 1058 1463 1237 1495; x_wconf 81' lang='lat' dir='ltr'>Orchideae.</span> <span class='ocrx_word' id='word_1_100' title='bbox 1373 1465 1551 1497; x_wconf 85' lang='lat' dir='ltr'>Orchideae.</span> 
     </span>
    </p>
   </div>
   <div class='ocr_carea' id='block_1_11' title="bbox 343 967 1662 1598">
    <p class='ocr_par' dir='ltr' id='par_1_11' title="bbox 343 967 1662 1598">
     <span class='ocr_line' id='line_1_17' title="bbox 343 967 1662 1598; baseline 0 871"><span class='ocrx_word' id='word_1_101' title='bbox 343 967 1662 1598; x_wconf 95' lang='lat' dir='ltr'> </span> 
     </span>
    </p>
   </div>
   <div class='ocr_carea' id='block_1_12' title="bbox 340 1631 1150 1665">
    <p class='ocr_par' dir='ltr' id='par_1_12' title="bbox 340 1631 1150 1665">
     <span class='ocr_line' id='line_1_18' title="bbox 340 1631 1150 1665; baseline -0.002 -1"><span class='ocrx_word' id='word_1_102' title='bbox 340 1633 393 1665; x_wconf 88' lang='lat' dir='ltr'>cui</span> <span class='ocrx_word' id='word_1_103' title='bbox 415 1632 545 1664; x_wconf 82' lang='lat' dir='ltr'>familiae</span> <span class='ocrx_word' id='word_1_104' title='bbox 571 1631 677 1663; x_wconf 85' lang='lat' dir='ltr'>haecce</span> <span class='ocrx_word' id='word_1_105' title='bbox 697 1631 845 1663; x_wconf 87' lang='lat' dir='ltr'>lubentes</span> <span class='ocrx_word' id='word_1_106' title='bbox 869 1631 981 1663; x_wconf 81' lang='lat' dir='ltr'>damus</span> <span class='ocrx_word' id='word_1_107' title='bbox 1006 1631 1150 1662; x_wconf 80' lang='lat' dir='ltr'>criteria:</span> 
     </span>
    </p>
   </div>
   <div class='ocr_carea' id='block_1_13' title="bbox 340 1705 1677 1939">
    <p class='ocr_par' dir='ltr' id='par_1_13' title="bbox 340 1705 1677 1939">
     <span class='ocr_line' id='line_1_19' title="bbox 383 1705 1676 1748; baseline 0.001 -12"><span class='ocrx_word' id='word_1_108' title='bbox 383 1706 522 1737; x_wconf 80' lang='lat' dir='ltr'>Planlae</span> <span class='ocrx_word' id='word_1_109' title='bbox 544 1705 861 1746; x_wconf 55' lang='lat' dir='ltr'>Monocogyledones</span> <span class='ocrx_word' id='word_1_110' title='bbox 882 1706 1068 1748; x_wconf 81' lang='lat' dir='ltr'>epigynioe,</span> <span class='ocrx_word' id='word_1_111' title='bbox 1097 1706 1199 1737; x_wconf 85' lang='lat' dir='ltr'>calici</span> <span class='ocrx_word' id='word_1_112' title='bbox 1225 1706 1389 1743; x_wconf 83' lang='lat' dir='ltr'>colorato,</span> <span class='ocrx_word' id='word_1_113' title='bbox 1417 1717 1477 1737; x_wconf 76' lang='lat' dir='ltr'>sex</span> <span class='ocrx_word' id='word_1_114' title='bbox 1498 1705 1676 1737; x_wconf 75' lang='lat' dir='ltr'>divisioni-</span> 
     </span>
     <span class='ocr_line' id='line_1_20' title="bbox 341 1766 1677 1811; baseline 0.001 -12"><span class='ocrx_word' id='word_1_115' title='bbox 341 1769 403 1799; x_wconf 75' lang='lat' dir='ltr'>bus</span> <span class='ocrx_word' id='word_1_116' title='bbox 428 1767 606 1809; x_wconf 73' lang='lat' dir='ltr'>profundis</span> <span class='ocrx_word' id='word_1_117' title='bbox 620 1790 632 1804; x_wconf 88' lang='lat'><em>‚</em></span> <span class='ocrx_word' id='word_1_118' title='bbox 676 1766 826 1810; x_wconf 76' lang='lat' dir='ltr'>inferiori</span> <span class='ocrx_word' id='word_1_119' title='bbox 861 1769 1059 1811; x_wconf 80' lang='lat' dir='ltr'>irregulari,</span> <span class='ocrx_word' id='word_1_120' title='bbox 1099 1770 1231 1800; x_wconf 84' lang='lat' dir='ltr'>nomine</span> <span class='ocrx_word' id='word_1_121' title='bbox 1263 1769 1419 1800; x_wconf 79' lang='lat' dir='ltr'>Nectarii</span> <span class='ocrx_word' id='word_1_122' title='bbox 1453 1769 1509 1800; x_wconf 81' lang='lat' dir='ltr'>vel</span> <span class='ocrx_word' id='word_1_123' title='bbox 1540 1769 1677 1801; x_wconf 80' lang='lat' dir='ltr'>Lahelli</span> 
     </span>
     <span class='ocr_line' id='line_1_21' title="bbox 340 1830 1676 1874; baseline 0.002 -13"><span class='ocrx_word' id='word_1_124' title='bbox 340 1832 532 1874; x_wconf 72' lang='lat' dir='ltr'>insignitae,</span> <span class='ocrx_word' id='word_1_125' title='bbox 559 1830 723 1862; x_wconf 71' lang='lat' dir='ltr'>interdum</span> <span class='ocrx_word' id='word_1_126' title='bbox 748 1831 836 1873; x_wconf 68' lang='lat' dir='ltr'>infi&#39;cz</span> <span class='ocrx_word' id='word_1_127' title='bbox 862 1833 896 1863; x_wconf 85' lang='lat' dir='ltr'>in</span> <span class='ocrx_word' id='word_1_128' title='bbox 919 1834 1034 1864; x_wconf 81' lang='lat' dir='ltr'>calcar</span> <span class='ocrx_word' id='word_1_129' title='bbox 1056 1833 1215 1871; x_wconf 80' lang='lat' dir='ltr'>abeunti,</span> <span class='ocrx_word' id='word_1_130' title='bbox 1250 1833 1379 1864; x_wconf 77' lang='lat' dir='ltr'>duobus</span> <span class='ocrx_word' id='word_1_131' title='bbox 1405 1833 1608 1864; x_wconf 71' lang='lat' dir='ltr'>staminibus</span> <span class='ocrx_word' id='word_1_132' title='bbox 1640 1834 1676 1864; x_wconf 82' lang='lat' dir='ltr'>in</span> 
     </span>
     <span class='ocr_line' id='line_1_22' title="bbox 340 1894 1673 1939; baseline 0.002 -15"><span class='ocrx_word' id='word_1_133' title='bbox 340 1895 436 1936; x_wconf 84' lang='lat' dir='ltr'>apice</span> <span class='ocrx_word' id='word_1_134' title='bbox 451 1895 582 1936; x_wconf 80' lang='lat' dir='ltr'>pistilli</span> <span class='ocrx_word' id='word_1_135' title='bbox 595 1895 749 1932; x_wconf 76' lang='lat' dir='ltr'>insertis,</span> <span class='ocrx_word' id='word_1_136' title='bbox 766 1896 893 1936; x_wconf 79' lang='lat' dir='ltr'>pollini</span> <span class='ocrx_word' id='word_1_137' title='bbox 912 1896 1129 1939; x_wconf 72' lang='lat' dir='ltr'>agglutinato</span> <span class='ocrx_word' id='word_1_138' title='bbox 1144 1902 1178 1927; x_wconf 84' lang='lat' dir='ltr'>et</span> <span class='ocrx_word' id='word_1_139' title='bbox 1194 1896 1354 1934; x_wconf 78' lang='lat' dir='ltr'>elastico,·</span> <span class='ocrx_word' id='word_1_140' title='bbox 1369 1896 1520 1937; x_wconf 74' lang='lat' dir='ltr'>capsula&gt;</span> <span class='ocrx_word' id='word_1_141' title='bbox 1538 1894 1673 1938; x_wconf 84' lang='lat' dir='ltr'>inferoe,</span> 
     </span>
    </p>
   </div>
   <div class='ocr_carea' id='block_1_14' title="bbox 341 1954 1570 2003">
    <p class='ocr_par' dir='ltr' id='par_1_14' title="bbox 341 1954 1570 2003">
     <span class='ocr_line' id='line_1_23' title="bbox 341 1954 1570 2003; baseline 0 -14"><span class='ocrx_word' id='word_1_142' title='bbox 341 1969 405 1989; x_wconf 82' lang='lat' dir='ltr'>uno</span> <span class='ocrx_word' id='word_1_143' title='bbox 426 1959 638 2001; x_wconf 74' lang='lat' dir='ltr'>polyspermo</span> <span class='ocrx_word' id='word_1_144' title='bbox 665 1959 794 1996; x_wconf 76' lang='lat' dir='ltr'>loculo,</span> <span class='ocrx_word' id='word_1_145' title='bbox 822 1959 929 1990; x_wconf 70' lang='lat' dir='ltr'>tribus</span> <span class='ocrx_word' id='word_1_146' title='bbox 952 1954 1063 1990; x_wconf 75' lang='lat' dir='ltr'>valvis</span> <span class='ocrx_word' id='word_1_147' title='bbox 1087 1959 1135 1990; x_wconf 80' lang='lat' dir='ltr'>ad</span> <span class='ocrx_word' id='word_1_148' title='bbox 1157 1959 1303 2003; x_wconf 71' lang='lat' dir='ltr'>angulos</span> <span class='ocrx_word' id='word_1_149' title='bbox 1331 1958 1570 2000; x_wconf 79' lang='lat' dir='ltr'>aperientibus.</span> 
     </span>
    </p>
   </div>
   <div class='ocr_carea' id='block_1_15' title="bbox 382 2032 1677 2079">
    <p class='ocr_par' dir='ltr' id='par_1_15' title="bbox 382 2032 1677 2079">
     <span class='ocr_line' id='line_1_24' title="bbox 382 2032 1677 2079; baseline 0 -15"><span class='ocrx_word' id='word_1_150' title='bbox 382 2033 524 2065; x_wconf 76' lang='lat' dir='ltr'>Familiae</span> <span class='ocrx_word' id='word_1_151' title='bbox 545 2032 779 2066; x_wconf 77' lang='lat' dir='ltr'>Orchidearum</span> <span class='ocrx_word' id='word_1_152' title='bbox 800 2034 1197 2079; x_wconf 63' lang='lat' dir='ltr'>undecim”complectitur</span> <span class='ocrx_word' id='word_1_153' title='bbox 1219 2044 1354 2077; x_wconf 84' lang='lat' dir='ltr'>genera,</span> <span class='ocrx_word' id='word_1_154' title='bbox 1375 2033 1459 2065; x_wconf 85' lang='lat' dir='ltr'>inter</span> <span class='ocrx_word' id='word_1_155' title='bbox 1479 2043 1554 2076; x_wconf 84' lang='lat' dir='ltr'>quae</span> <span class='ocrx_word' id='word_1_156' title='bbox 1572 2042 1677 2076; x_wconf 82' lang='lat' dir='ltr'>genus</span> 
     </span>
    </p>
   </div>
  </div>
 </body>
</html>
