<?xml version="1.0" encoding="UTF-8"?>
<!DOCTYPE html PUBLIC "-//W3C//DTD XHTML 1.0 Transitional//EN"
    "http://www.w3.org/TR/xhtml1/DTD/xhtml1-transitional.dtd">
<html xmlns="http://www.w3.org/1999/xhtml" xml:lang="en" lang="en">
 <head>
  <title>
</title>
<meta http-equiv="Content-Type" content="text/html;charset=utf-8" />
  <meta name='ocr-system' content='tesseract 3.04.00' />
  <meta name='ocr-capabilities' content='ocr_page ocr_carea ocr_par ocr_line ocrx_word'/>
</head>
<body>
  <div class='ocr_page' id='page_1' title='image "annalesacademiae26gand_0105.png"; bbox 0 0 1809 2469; ppageno 0'>
   <div class='ocr_carea' id='block_1_1' title="bbox 766 228 880 269">
    <p class='ocr_par' dir='ltr' id='par_1_1' title="bbox 766 228 880 269">
     <span class='ocr_line' id='line_1_1' title="bbox 766 228 880 269; baseline 0 0"><span class='ocrx_word' id='word_1_1' title='bbox 766 228 880 269; x_wconf 86' lang='lat'>(67)</span> 
     </span>
    </p>
   </div>
   <div class='ocr_carea' id='block_1_2' title="bbox 155 300 1494 1925">
    <p class='ocr_par' dir='ltr' id='par_1_2' title="bbox 164 300 1490 711">
     <span class='ocr_line' id='line_1_2' title="bbox 166 300 1489 341; baseline -0.003 -8"><span class='ocrx_word' id='word_1_2' title='bbox 166 314 184 333; x_wconf 77' lang='lat'>&gt;³</span> <span class='ocrx_word' id='word_1_3' title='bbox 200 301 438 333; x_wconf 82' lang='lat' dir='ltr'>adscribendam</span> <span class='ocrx_word' id='word_1_4' title='bbox 460 312 541 340; x_wconf 87' lang='lat' dir='ltr'>esse,</span> <span class='ocrx_word' id='word_1_5' title='bbox 571 312 645 332; x_wconf 89' lang='lat' dir='ltr'>cum</span> <span class='ocrx_word' id='word_1_6' title='bbox 662 301 794 341; x_wconf 75' lang='lat' dir='ltr'>primus</span> <span class='ocrx_word' id='word_1_7' title='bbox 820 300 991 338; x_wconf 73' lang='lat' dir='ltr'>exstiterit,</span> <span class='ocrx_word' id='word_1_8' title='bbox 1019 301 1079 341; x_wconf 77' lang='lat' dir='ltr'>qui</span> <span class='ocrx_word' id='word_1_9' title='bbox 1099 301 1238 341; x_wconf 73' lang='lat' dir='ltr'>specula</span> <span class='ocrx_word' id='word_1_10' title='bbox 1265 300 1353 330; x_wconf 76' lang='lat' dir='ltr'>tubis</span> <span class='ocrx_word' id='word_1_11' title='bbox 1379 300 1489 329; x_wconf 81' lang='lat' dir='ltr'>immi-</span> 
     </span>
     <span class='ocr_line' id='line_1_3' title="bbox 164 352 1490 396; baseline -0.002 -11"><span class='ocrx_word' id='word_1_12' title='bbox 164 366 183 386; x_wconf 80' lang='grc'>))</span> <span class='ocrx_word' id='word_1_13' title='bbox 199 356 290 385; x_wconf 78' lang='lat' dir='ltr'>serit.</span> <span class='ocrx_word' id='word_1_14' title='bbox 325 354 469 393; x_wconf 85' lang='lat' dir='ltr'>Verum,</span> <span class='ocrx_word' id='word_1_15' title='bbox 501 355 642 396; x_wconf 83' lang='lat' dir='ltr'>inquieS,</span> <span class='ocrx_word' id='word_1_16' title='bbox 671 353 934 393; x_wconf 80' lang='lat' dir='ltr'>Polemoscopiis</span> <span class='ocrx_word' id='word_1_17' title='bbox 961 352 1174 391; x_wconf 76' lang='lat' dir='ltr'>solummodo,</span> <span class='ocrx_word' id='word_1_18' title='bbox 1205 353 1394 393; x_wconf 82' lang='lat' dir='ltr'>neutiquam</span> <span class='ocrx_word' id='word_1_19' title='bbox 1428 352 1490 382; x_wconf 86' lang='lat' dir='ltr'>Te-</span> 
     </span>
     <span class='ocr_line' id='line_1_4' title="bbox 165 405 1488 448; baseline -0.002 -11"><span class='ocrx_word' id='word_1_20' title='bbox 165 419 185 438; x_wconf 76' lang='lat'>»</span> <span class='ocrx_word' id='word_1_21' title='bbox 201 408 385 448; x_wconf 73' lang='lat' dir='ltr'>lescopiis?</span> <span class='ocrx_word' id='word_1_22' title='bbox 410 407 486 445; x_wconf 85' lang='lat' dir='ltr'><strong>Sed,</strong></span> <span class='ocrx_word' id='word_1_23' title='bbox 510 417 630 448; x_wconf 83' lang='lat' dir='ltr'>quaeso,</span> <span class='ocrx_word' id='word_1_24' title='bbox 654 416 760 436; x_wconf 88' lang='lat' dir='ltr'>nonne</span> <span class='ocrx_word' id='word_1_25' title='bbox 782 405 1053 447; x_wconf 89' lang='lat' dir='ltr'>Polemoscopium</span> <span class='ocrx_word' id='word_1_26' title='bbox 1080 407 1199 447; x_wconf 87' lang='lat' dir='ltr'>species</span> <span class='ocrx_word' id='word_1_27' title='bbox 1223 405 1398 446; x_wconf 87' lang='lat' dir='ltr'>Telescopii</span> <span class='ocrx_word' id='word_1_28' title='bbox 1422 410 1488 442; x_wconf 79' lang='lat' dir='ltr'>est,</span> 
     </span>
     <span class='ocr_line' id='line_1_5' title="bbox 166 457 1490 501; baseline -0.002 -11"><span class='ocrx_word' id='word_1_29' title='bbox 166 471 185 490; x_wconf 82' lang='grc'>))</span> <span class='ocrx_word' id='word_1_30' title='bbox 202 466 234 490; x_wconf 83' lang='lat' dir='ltr'>et</span> <span class='ocrx_word' id='word_1_31' title='bbox 258 460 384 490; x_wconf 86' lang='lat' dir='ltr'>nonnisi</span> <span class='ocrx_word' id='word_1_32' title='bbox 407 460 610 490; x_wconf 81' lang='lat' dir='ltr'>incurvatum</span> <span class='ocrx_word' id='word_1_33' title='bbox 632 458 885 500; x_wconf 84' lang='lat' dir='ltr'>tubospicillum,</span> <span class='ocrx_word' id='word_1_34' title='bbox 912 458 1004 501; x_wconf 86' lang='lat' dir='ltr'>cujus</span> <span class='ocrx_word' id='word_1_35' title='bbox 1028 459 1201 497; x_wconf 84' lang='lat' dir='ltr'>beneficio,</span> <span class='ocrx_word' id='word_1_36' title='bbox 1228 464 1290 488; x_wconf 87' lang='lat' dir='ltr'>tam</span> <span class='ocrx_word' id='word_1_37' title='bbox 1319 457 1412 487; x_wconf 88' lang='lat' dir='ltr'>radiis</span> <span class='ocrx_word' id='word_1_38' title='bbox 1440 457 1490 487; x_wconf 88' lang='lat' dir='ltr'>di-</span> 
     </span>
     <span class='ocr_line' id='line_1_6' title="bbox 166 509 1490 553; baseline -0.003 -10"><span class='ocrx_word' id='word_1_39' title='bbox 166 523 186 543; x_wconf 72' lang='grc'>»</span> <span class='ocrx_word' id='word_1_40' title='bbox 200 513 294 543; x_wconf 85' lang='lat' dir='ltr'>rectis</span> <span class='ocrx_word' id='word_1_41' title='bbox 314 513 357 553; x_wconf 87' lang='lat' dir='ltr'>(si</span> <span class='ocrx_word' id='word_1_42' title='bbox 379 512 475 553; x_wconf 84' lang='lat' dir='ltr'>velis)</span> <span class='ocrx_word' id='word_1_43' title='bbox 497 522 592 553; x_wconf 85' lang='lat' dir='ltr'>quam</span> <span class='ocrx_word' id='word_1_44' title='bbox 616 510 767 553; x_wconf 83' lang='lat' dir='ltr'>obliquis,</span> <span class='ocrx_word' id='word_1_45' title='bbox 793 510 1037 553; x_wconf 75' lang='lat' dir='ltr'>Selenographia</span> <span class='ocrx_word' id='word_1_46' title='bbox 1063 516 1244 549; x_wconf 81' lang='lat' dir='ltr'>attestante,</span> <span class='ocrx_word' id='word_1_47' title='bbox 1266 509 1386 552; x_wconf 82' lang='lat' dir='ltr'>objecta</span> <span class='ocrx_word' id='word_1_48' title='bbox 1413 521 1490 539; x_wconf 81' lang='lat' dir='ltr'>con-</span> 
     </span>
     <span class='ocr_line' id='line_1_7' title="bbox 167 562 1490 606; baseline -0.003 -11"><span class='ocrx_word' id='word_1_49' title='bbox 167 575 187 595; x_wconf 78' lang='lat'>»</span> <span class='ocrx_word' id='word_1_50' title='bbox 204 565 324 606; x_wconf 86' lang='lat' dir='ltr'>spicere</span> <span class='ocrx_word' id='word_1_51' title='bbox 347 564 440 595; x_wconf 83' lang='lat' dir='ltr'>vales.</span> <span class='ocrx_word' id='word_1_52' title='bbox 466 564 568 606; x_wconf 87' lang='lat' dir='ltr'>Super</span> <span class='ocrx_word' id='word_1_53' title='bbox 586 564 653 594; x_wconf 80' lang='lat' dir='ltr'>haec</span> <span class='ocrx_word' id='word_1_54' title='bbox 674 565 801 605; x_wconf 87' lang='lat' dir='ltr'>penitus</span> <span class='ocrx_word' id='word_1_55' title='bbox 818 564 978 602; x_wconf 72' lang='lat' dir='ltr'>existimo,</span> <span class='ocrx_word' id='word_1_56' title='bbox 999 564 1059 594; x_wconf 88' lang='lat' dir='ltr'>nisi</span> <span class='ocrx_word' id='word_1_57' title='bbox 1083 574 1133 593; x_wconf 89' lang='lat' dir='ltr'>me</span> <span class='ocrx_word' id='word_1_58' title='bbox 1154 563 1245 601; x_wconf 86' lang='lat' dir='ltr'>fallo,</span> <span class='ocrx_word' id='word_1_59' title='bbox 1271 562 1318 592; x_wconf 86' lang='lat' dir='ltr'>Cl.</span> <span class='ocrx_word' id='word_1_60' title='bbox 1336 563 1490 592; x_wconf 78' lang='lat' dir='ltr'>Newtom&#39;</span> 
     </span>
     <span class='ocr_line' id='line_1_8' title="bbox 167 606 1490 658; baseline -0.002 -12"><span class='ocrx_word' id='word_1_61' title='bbox 167 628 186 647; x_wconf 70' lang='lat'>2&gt;</span> <span class='ocrx_word' id='word_1_62' title='bbox 202 617 241 647; x_wconf 89' lang='lat' dir='ltr'>ad</span> <span class='ocrx_word' id='word_1_63' title='bbox 275 616 524 647; x_wconf 86' lang='lat' dir='ltr'>construendum</span> <span class='ocrx_word' id='word_1_64' title='bbox 557 616 709 647; x_wconf 85' lang='lat' dir='ltr'>tubulum</span> <span class='ocrx_word' id='word_1_65' title='bbox 738 628 833 647; x_wconf 89' lang='lat' dir='ltr'>suum</span> <span class='ocrx_word' id='word_1_66' title='bbox 865 617 1067 648; x_wconf 83' lang='lat' dir='ltr'>decurtatum</span> <span class='ocrx_word' id='word_1_67' title='bbox 1091 606 1360 658; x_wconf 50' lang='lat' dir='ltr'>¹compositionem</span> <span class='ocrx_word' id='word_1_68' title='bbox 1396 614 1490 645; x_wconf 89' lang='lat' dir='ltr'>Pole-</span> 
     </span>
     <span class='ocr_line' id='line_1_9' title="bbox 166 669 1094 711; baseline 0.001 -13"><span class='ocrx_word' id='word_1_69' title='bbox 166 680 185 699; x_wconf 79' lang='lat'>)›</span> <span class='ocrx_word' id='word_1_70' title='bbox 201 669 350 710; x_wconf 83' lang='lat' dir='ltr'>moscopii</span> <span class='ocrx_word' id='word_1_71' title='bbox 375 669 518 710; x_wconf 86' lang='lat' dir='ltr'>profecto</span> <span class='ocrx_word' id='word_1_72' title='bbox 542 669 671 711; x_wconf 86' lang='lat' dir='ltr'>penitus</span> <span class='ocrx_word' id='word_1_73' title='bbox 695 670 776 700; x_wconf 86' lang='lat' dir='ltr'>viam</span> <span class='ocrx_word' id='word_1_74' title='bbox 804 669 1094 700; x_wconf 78' lang='lat' dir='ltr'>commonstrasse.&#39;⁷</span> 
     </span>
    </p>

    <p class='ocr_par' dir='ltr' id='par_1_3' title="bbox 167 721 1490 871">
     <span class='ocr_line' id='line_1_10' title="bbox 210 721 1488 763; baseline 0.002 -12"><span class='ocrx_word' id='word_1_75' title='bbox 210 733 230 751; x_wconf 85' lang='lat'>))</span> <span class='ocrx_word' id='word_1_76' title='bbox 246 721 334 759; x_wconf 87' lang='lat' dir='ltr'>Quin</span> <span class='ocrx_word' id='word_1_77' title='bbox 355 722 450 751; x_wconf 85' lang='lat' dir='ltr'>etiam</span> <span class='ocrx_word' id='word_1_78' title='bbox 467 727 628 752; x_wconf 78' lang='lat' dir='ltr'>auctorem</span> <span class='ocrx_word' id='word_1_79' title='bbox 650 721 903 763; x_wconf 84' lang='lat' dir='ltr'>Selenographiae</span> <span class='ocrx_word' id='word_1_80' title='bbox 922 723 1054 753; x_wconf 85' lang='lat' dir='ltr'>minime</span> <span class='ocrx_word' id='word_1_81' title='bbox 1075 723 1184 761; x_wconf 84' lang='lat' dir='ltr'>latuit,</span> <span class='ocrx_word' id='word_1_82' title='bbox 1206 722 1299 752; x_wconf 84' lang='lat' dir='ltr'>sicuti</span> <span class='ocrx_word' id='word_1_83' title='bbox 1318 721 1432 763; x_wconf 87' lang='lat' dir='ltr'>pagina</span> <span class='ocrx_word' id='word_1_84' title='bbox 1450 721 1488 753; x_wconf 74' lang='lat'>27</span> 
     </span>
     <span class='ocr_line' id='line_1_11' title="bbox 167 772 1490 818; baseline -0.002 -13"><span class='ocrx_word' id='word_1_85' title='bbox 167 774 308 817; x_wconf 80' lang='lat' dir='ltr'>»legere</span> <span class='ocrx_word' id='word_1_86' title='bbox 331 781 397 813; x_wconf 85' lang='lat' dir='ltr'>est,</span> <span class='ocrx_word' id='word_1_87' title='bbox 427 775 575 817; x_wconf 83' lang='lat' dir='ltr'>specula,</span> <span class='ocrx_word' id='word_1_88' title='bbox 605 776 629 806; x_wconf 91' lang='lat' dir='ltr'>si</span> <span class='ocrx_word' id='word_1_89' title='bbox 660 775 700 806; x_wconf 85' lang='lat' dir='ltr'>ad</span> <span class='ocrx_word' id='word_1_90' title='bbox 725 776 891 818; x_wconf 81' lang='lat' dir='ltr'>telescopia</span> <span class='ocrx_word' id='word_1_91' title='bbox 917 776 1146 814; x_wconf 80' lang='lat' dir='ltr'>adhibeantur,</span> <span class='ocrx_word' id='word_1_92' title='bbox 1171 774 1351 805; x_wconf 80' lang='lat' dir='ltr'>notabiliter</span> <span class='ocrx_word' id='word_1_93' title='bbox 1378 772 1490 811; x_wconf 81' lang='lat' dir='ltr'>tubos,</span> 
     </span>
     <span class='ocr_line' id='line_1_12' title="bbox 169 827 951 871; baseline 0.001 -13"><span class='ocrx_word' id='word_1_94' title='bbox 169 839 188 858; x_wconf 63' lang='lat'>³&gt;</span> <span class='ocrx_word' id='word_1_95' title='bbox 203 827 314 858; x_wconf 87' lang='lat' dir='ltr'>eodem</span> <span class='ocrx_word' id='word_1_96' title='bbox 341 834 447 858; x_wconf 88' lang='lat' dir='ltr'>tamen</span> <span class='ocrx_word' id='word_1_97' title='bbox 472 828 606 867; x_wconf 87' lang='lat' dir='ltr'>effectu,</span> <span class='ocrx_word' id='word_1_98' title='bbox 636 829 811 860; x_wconf 76' lang='lat' dir='ltr'>abbreviari</span> <span class='ocrx_word' id='word_1_99' title='bbox 831 829 951 871; x_wconf 85' lang='lat' dir='ltr'>posse.”</span> 
     </span>
    </p>

    <p class='ocr_par' dir='ltr' id='par_1_4' title="bbox 167 879 1492 1132">
     <span class='ocr_line' id='line_1_13' title="bbox 211 879 1492 922; baseline 0 -13"><span class='ocrx_word' id='word_1_100' title='bbox 211 891 230 910; x_wconf 84' lang='grc'>))</span> <span class='ocrx_word' id='word_1_101' title='bbox 246 880 417 910; x_wconf 85' lang='lat' dir='ltr'>Persuasus</span> <span class='ocrx_word' id='word_1_102' title='bbox 438 891 566 922; x_wconf 85' lang='lat' dir='ltr'>quoque</span> <span class='ocrx_word' id='word_1_103' title='bbox 587 882 714 922; x_wconf 83' lang='lat' dir='ltr'>penitus</span> <span class='ocrx_word' id='word_1_104' title='bbox 733 893 821 920; x_wconf 84' lang='lat' dir='ltr'>sum,</span> <span class='ocrx_word' id='word_1_105' title='bbox 842 883 867 912; x_wconf 88' lang='lat' dir='ltr'>si</span> <span class='ocrx_word' id='word_1_106' title='bbox 888 894 951 912; x_wconf 88' lang='lat' dir='ltr'>non</span> <span class='ocrx_word' id='word_1_107' title='bbox 974 882 1074 912; x_wconf 89' lang='lat' dir='ltr'>solum</span> <span class='ocrx_word' id='word_1_108' title='bbox 1097 880 1225 922; x_wconf 89' lang='lat' dir='ltr'>specula</span> <span class='ocrx_word' id='word_1_109' title='bbox 1252 879 1407 910; x_wconf 86' lang='lat' dir='ltr'>metallica</span> <span class='ocrx_word' id='word_1_110' title='bbox 1426 890 1492 909; x_wconf 86' lang='lat' dir='ltr'>uno</span> 
     </span>
     <span class='ocr_line' id='line_1_14' title="bbox 169 932 1490 975; baseline -0.002 -11"><span class='ocrx_word' id='word_1_111' title='bbox 169 944 188 964; x_wconf 69' lang='lat' dir='ltr'>&gt;i</span> <span class='ocrx_word' id='word_1_112' title='bbox 204 932 286 964; x_wconf 82' lang='lat' dir='ltr'>vitro</span> <span class='ocrx_word' id='word_1_113' title='bbox 308 932 477 974; x_wconf 83' lang='lat' dir='ltr'>dioptrico‚</span> <span class='ocrx_word' id='word_1_114' title='bbox 501 933 555 963; x_wconf 86' lang='lat' dir='ltr'>sed</span> <span class='ocrx_word' id='word_1_115' title='bbox 580 933 707 975; x_wconf 86' lang='lat' dir='ltr'>specula</span> <span class='ocrx_word' id='word_1_116' title='bbox 730 934 906 975; x_wconf 85' lang='lat' dir='ltr'>parabolica</span> <span class='ocrx_word' id='word_1_117' title='bbox 928 934 1050 965; x_wconf 88' lang='lat' dir='ltr'>usitatis</span> <span class='ocrx_word' id='word_1_118' title='bbox 1073 932 1212 964; x_wconf 83' lang='lat' dir='ltr'>lentibus</span> <span class='ocrx_word' id='word_1_119' title='bbox 1231 932 1293 962; x_wconf 86' lang='lat' dir='ltr'>illis</span> <span class='ocrx_word' id='word_1_120' title='bbox 1313 932 1490 973; x_wconf 80' lang='lat' dir='ltr'>sphaericis,</span> 
     </span>
     <span class='ocr_line' id='line_1_15' title="bbox 167 984 1491 1026; baseline -0.002 -11"><span class='ocrx_word' id='word_1_121' title='bbox 167 996 187 1015; x_wconf 73' lang='lat'>2&gt;</span> <span class='ocrx_word' id='word_1_122' title='bbox 204 984 256 1016; x_wconf 86' lang='lat' dir='ltr'>vel</span> <span class='ocrx_word' id='word_1_123' title='bbox 277 985 382 1026; x_wconf 87' lang='lat' dir='ltr'>potius</span> <span class='ocrx_word' id='word_1_124' title='bbox 406 984 617 1026; x_wconf 73' lang='lat' dir='ltr'>hyperbolicis</span> <span class='ocrx_word' id='word_1_125' title='bbox 638 985 901 1016; x_wconf 84' lang='lat' dir='ltr'>convenientibus</span> <span class='ocrx_word' id='word_1_126' title='bbox 916 986 955 1015; x_wconf 88' lang='lat' dir='ltr'>ad</span> <span class='ocrx_word' id='word_1_127' title='bbox 974 985 1221 1016; x_wconf 82' lang='lat' dir='ltr'>constructiones</span> <span class='ocrx_word' id='word_1_128' title='bbox 1236 984 1491 1025; x_wconf 88' lang='lat' dir='ltr'>longissimorum</span> 
     </span>
     <span class='ocr_line' id='line_1_16' title="bbox 167 1036 1491 1079; baseline -0.001 -12"><span class='ocrx_word' id='word_1_129' title='bbox 167 1037 444 1079; x_wconf 73' lang='lat' dir='ltr'>»telescopiorum</span> <span class='ocrx_word' id='word_1_130' title='bbox 473 1036 701 1068; x_wconf 84' lang='lat' dir='ltr'>adhiberentur</span> <span class='ocrx_word' id='word_1_131' title='bbox 731 1043 826 1079; x_wconf 88' lang='lat' dir='ltr'>atque</span> <span class='ocrx_word' id='word_1_132' title='bbox 860 1037 901 1067; x_wconf 57' lang='lat' dir='ltr'>ad*</span> <span class='ocrx_word' id='word_1_133' title='bbox 929 1038 1068 1068; x_wconf 87' lang='lat' dir='ltr'>invicem</span> <span class='ocrx_word' id='word_1_134' title='bbox 1102 1036 1383 1075; x_wconf 78' lang='lat' dir='ltr'>combinareutur,</span> <span class='ocrx_word' id='word_1_135' title='bbox 1423 1036 1491 1066; x_wconf 87' lang='lat' dir='ltr'>sine</span> 
     </span>
     <span class='ocr_line' id='line_1_17' title="bbox 168 1080 1405 1132; baseline -0.002 -11"><span class='ocrx_word' id='word_1_136' title='bbox 168 1101 187 1121; x_wconf 67' lang='lat' dir='ltr'>&gt;i</span> <span class='ocrx_word' id='word_1_137' title='bbox 203 1090 303 1121; x_wconf 90' lang='lat' dir='ltr'>dubio</span> <span class='ocrx_word' id='word_1_138' title='bbox 325 1090 445 1132; x_wconf 88' lang='lat' dir='ltr'>aliquid</span> <span class='ocrx_word' id='word_1_139' title='bbox 465 1089 570 1120; x_wconf 85' lang='lat' dir='ltr'>adhuc</span> <span class='ocrx_word' id='word_1_140' title='bbox 591 1090 758 1120; x_wconf 84' lang='lat' dir='ltr'>sublimius</span> <span class='ocrx_word' id='word_1_141' title='bbox 784 1090 945 1120; x_wconf 83' lang='lat' dir='ltr'>detectum</span> <span class='ocrx_word' id='word_1_142' title='bbox 969 1089 1028 1120; x_wconf 83' lang='lat' dir='ltr'>iri”</span> <span class='ocrx_word' id='word_1_143' title='bbox 1048 1089 1104 1131; x_wconf 49' lang='grc' dir='ltr'>(ἢ.</span> <span class='ocrx_word' id='word_1_144' title='bbox 1402 1080 1405 1082; x_wconf 72' lang='lat'><em>.</em></span> 
     </span>
    </p>

    <p class='ocr_par' dir='ltr' id='par_1_5' title="bbox 155 1141 1494 1661">
     <span class='ocr_line' id='line_1_18' title="bbox 210 1141 1493 1184; baseline -0.001 -12"><span class='ocrx_word' id='word_1_145' title='bbox 210 1154 230 1173; x_wconf 80' lang='grc'>))</span> <span class='ocrx_word' id='word_1_146' title='bbox 246 1142 387 1180; x_wconf 84' lang='lat' dir='ltr'>Ultimo,</span> <span class='ocrx_word' id='word_1_147' title='bbox 423 1142 507 1184; x_wconf 90' lang='lat' dir='ltr'>quod</span> <span class='ocrx_word' id='word_1_148' title='bbox 534 1142 661 1184; x_wconf 88' lang='lat' dir='ltr'>specula</span> <span class='ocrx_word' id='word_1_149' title='bbox 689 1165 835 1173; x_wconf 86' lang='grc'><strong>.......</strong></span> <span class='ocrx_word' id='word_1_150' title='bbox 863 1143 956 1173; x_wconf 87' lang='lat' dir='ltr'>etiam</span> <span class='ocrx_word' id='word_1_151' title='bbox 988 1143 1022 1172; x_wconf 90' lang='lat' dir='ltr'>in</span> <span class='ocrx_word' id='word_1_152' title='bbox 1051 1143 1183 1173; x_wconf 86' lang='lat' dir='ltr'>cameris</span> <span class='ocrx_word' id='word_1_153' title='bbox 1207 1142 1379 1173; x_wconf 90' lang='lat' dir='ltr'>obscuratis</span> <span class='ocrx_word' id='word_1_154' title='bbox 1410 1141 1493 1171; x_wconf 85' lang='lat' dir='ltr'>circa</span> 
     </span>
     <span class='ocr_line' id='line_1_19' title="bbox 169 1194 1493 1237; baseline -0.002 -11"><span class='ocrx_word' id='word_1_155' title='bbox 169 1206 188 1226; x_wconf 82' lang='lat'>&gt;›</span> <span class='ocrx_word' id='word_1_156' title='bbox 204 1196 322 1237; x_wconf 86' lang='lat' dir='ltr'>species</span> <span class='ocrx_word' id='word_1_157' title='bbox 342 1194 538 1237; x_wconf 80' lang='lat' dir='ltr'>objectorum</span> <span class='ocrx_word' id='word_1_158' title='bbox 559 1194 791 1237; x_wconf 73' lang='lat' dir='ltr'>praesentandas</span> <span class='ocrx_word' id='word_1_159' title='bbox 810 1195 881 1236; x_wconf 82' lang='lat' dir='ltr'>plus</span> <span class='ocrx_word' id='word_1_160' title='bbox 904 1195 1045 1234; x_wconf 85' lang='lat' dir='ltr'>valeant,</span> <span class='ocrx_word' id='word_1_161' title='bbox 1070 1207 1164 1237; x_wconf 87' lang='lat' dir='ltr'>quam</span> <span class='ocrx_word' id='word_1_162' title='bbox 1187 1195 1273 1226; x_wconf 83' lang='lat' dir='ltr'>nuda</span> <span class='ocrx_word' id='word_1_163' title='bbox 1293 1196 1373 1227; x_wconf 86' lang='lat' dir='ltr'>vitra</span> <span class='ocrx_word' id='word_1_164' title='bbox 1400 1194 1493 1236; x_wconf 88' lang='lat' dir='ltr'>diop-</span> 
     </span>
     <span class='ocr_line' id='line_1_20' title="bbox 169 1247 1493 1290; baseline -0.001 -12"><span class='ocrx_word' id='word_1_165' title='bbox 169 1249 299 1286; x_wconf 74' lang='lat' dir='ltr'>»trica,</span> <span class='ocrx_word' id='word_1_166' title='bbox 335 1248 400 1289; x_wconf 86' lang='lat' dir='ltr'>ipsa</span> <span class='ocrx_word' id='word_1_167' title='bbox 436 1248 631 1288; x_wconf 75' lang='lat' dir='ltr'>experientia</span> <span class='ocrx_word' id='word_1_168' title='bbox 666 1247 729 1290; x_wconf 91' lang='lat' dir='ltr'>jam</span> <span class='ocrx_word' id='word_1_169' title='bbox 762 1259 778 1278; x_wconf 86' lang='lat' dir='ltr'>a</span> <span class='ocrx_word' id='word_1_170' title='bbox 817 1248 860 1278; x_wconf 83' lang='lat'>30</span> <span class='ocrx_word' id='word_1_171' title='bbox 893 1249 983 1278; x_wconf 87' lang='lat' dir='ltr'>annis</span> <span class='ocrx_word' id='word_1_172' title='bbox 1013 1249 1085 1279; x_wconf 88' lang='lat' dir='ltr'>satis</span> <span class='ocrx_word' id='word_1_173' title='bbox 1117 1259 1277 1290; x_wconf 85' lang='lat' dir='ltr'>superque</span> <span class='ocrx_word' id='word_1_174' title='bbox 1311 1247 1493 1289; x_wconf 83' lang='lat' dir='ltr'>exploravi,</span> 
     </span>
     <span class='ocr_line' id='line_1_21' title="bbox 169 1299 1494 1342; baseline -0.001 -11"><span class='ocrx_word' id='word_1_175' title='bbox 169 1300 350 1342; x_wconf 69' lang='lat' dir='ltr'>»plurimis</span> <span class='ocrx_word' id='word_1_176' title='bbox 374 1300 468 1330; x_wconf 81' lang='lat' dir='ltr'>etiam</span> <span class='ocrx_word' id='word_1_177' title='bbox 497 1299 692 1340; x_wconf 79' lang='lat' dir='ltr'>hospitibus,</span> <span class='ocrx_word' id='word_1_178' title='bbox 723 1311 774 1330; x_wconf 90' lang='lat' dir='ltr'>me</span> <span class='ocrx_word' id='word_1_179' title='bbox 802 1300 1029 1339; x_wconf 82' lang='lat' dir='ltr'>invisentibus,</span> <span class='ocrx_word' id='word_1_180' title='bbox 1062 1301 1176 1342; x_wconf 87' lang='lat' dir='ltr'>saepius</span> <span class='ocrx_word' id='word_1_181' title='bbox 1207 1300 1340 1331; x_wconf 85' lang='lat' dir='ltr'>ostendi.</span> <span class='ocrx_word' id='word_1_182' title='bbox 1385 1299 1494 1341; x_wconf 83' lang='lat' dir='ltr'>Nego-</span> 
     </span>
     <span class='ocr_line' id='line_1_22' title="bbox 167 1352 1492 1395; baseline 0 -12"><span class='ocrx_word' id='word_1_183' title='bbox 167 1364 186 1384; x_wconf 66' lang='lat'>»</span> <span class='ocrx_word' id='word_1_184' title='bbox 203 1353 283 1383; x_wconf 88' lang='lat' dir='ltr'>tium</span> <span class='ocrx_word' id='word_1_185' title='bbox 311 1358 417 1383; x_wconf 87' lang='lat' dir='ltr'>autem</span> <span class='ocrx_word' id='word_1_186' title='bbox 444 1352 561 1391; x_wconf 86' lang='lat' dir='ltr'>hocce,</span> <span class='ocrx_word' id='word_1_187' title='bbox 591 1363 663 1383; x_wconf 89' lang='lat' dir='ltr'>cum</span> <span class='ocrx_word' id='word_1_188' title='bbox 698 1354 894 1395; x_wconf 84' lang='lat' dir='ltr'>paucissimis</span> <span class='ocrx_word' id='word_1_189' title='bbox 918 1353 1049 1384; x_wconf 81' lang='lat' dir='ltr'>forsitan</span> <span class='ocrx_word' id='word_1_190' title='bbox 1075 1354 1180 1384; x_wconf 87' lang='lat' dir='ltr'>adhuc</span> <span class='ocrx_word' id='word_1_191' title='bbox 1202 1354 1397 1392; x_wconf 78' lang='lat' dir='ltr'>innotuerit,</span> <span class='ocrx_word' id='word_1_192' title='bbox 1432 1353 1492 1383; x_wconf 81' lang='lat' dir='ltr'>hae</span> 
     </span>
     <span class='ocr_line' id='line_1_23' title="bbox 170 1405 1493 1448; baseline -0.001 -12"><span class='ocrx_word' id='word_1_193' title='bbox 170 1405 364 1437; x_wconf 70' lang='lat' dir='ltr'>»occasione</span> <span class='ocrx_word' id='word_1_194' title='bbox 394 1405 504 1436; x_wconf 88' lang='lat' dir='ltr'>itidem</span> <span class='ocrx_word' id='word_1_195' title='bbox 543 1405 656 1436; x_wconf 87' lang='lat' dir='ltr'>lubens</span> <span class='ocrx_word' id='word_1_196' title='bbox 689 1406 837 1448; x_wconf 85' lang='lat' dir='ltr'>detegere</span> <span class='ocrx_word' id='word_1_197' title='bbox 874 1406 983 1445; x_wconf 86' lang='lat' dir='ltr'>volui,</span> <span class='ocrx_word' id='word_1_198' title='bbox 1020 1417 1056 1437; x_wconf 89' lang='lat' dir='ltr'>ea</span> <span class='ocrx_word' id='word_1_199' title='bbox 1090 1407 1263 1448; x_wconf 86' lang='lat' dir='ltr'>praesertirn</span> <span class='ocrx_word' id='word_1_200' title='bbox 1294 1417 1407 1443; x_wconf 83' lang='lat' dir='ltr'>causa,</span> <span class='ocrx_word' id='word_1_201' title='bbox 1451 1416 1493 1435; x_wconf 85' lang='lat' dir='ltr'>an</span> 
     </span>
     <span class='ocr_line' id='line_1_24' title="bbox 155 1457 1493 1500; baseline 0 -12"><span class='ocrx_word' id='word_1_202' title='bbox 155 1469 186 1500; x_wconf 64' lang='lat' dir='ltr'>v»</span> <span class='ocrx_word' id='word_1_203' title='bbox 202 1459 297 1500; x_wconf 87' lang='lat' dir='ltr'>possit</span> <span class='ocrx_word' id='word_1_204' title='bbox 321 1458 436 1497; x_wconf 87' lang='lat' dir='ltr'>alicui,</span> <span class='ocrx_word' id='word_1_205' title='bbox 472 1458 648 1500; x_wconf 87' lang='lat' dir='ltr'>opticarum</span> <span class='ocrx_word' id='word_1_206' title='bbox 681 1469 791 1489; x_wconf 87' lang='lat' dir='ltr'>rerum</span> <span class='ocrx_word' id='word_1_207' title='bbox 825 1459 1008 1498; x_wconf 85' lang='lat' dir='ltr'>scrutatori,</span> <span class='ocrx_word' id='word_1_208' title='bbox 1032 1459 1130 1489; x_wconf 89' lang='lat' dir='ltr'>hocce</span> <span class='ocrx_word' id='word_1_209' title='bbox 1161 1459 1295 1489; x_wconf 88' lang='lat' dir='ltr'>ulterius</span> <span class='ocrx_word' id='word_1_210' title='bbox 1325 1457 1493 1489; x_wconf 83' lang='lat' dir='ltr'>excolendi</span> 
     </span>
     <span class='ocr_line' id='line_1_25' title="bbox 167 1511 1493 1554; baseline -0.001 -12"><span class='ocrx_word' id='word_1_211' title='bbox 167 1523 186 1543; x_wconf 64' lang='lat'>&gt;³</span> <span class='ocrx_word' id='word_1_212' title='bbox 203 1523 308 1542; x_wconf 83' lang='lat' dir='ltr'>ansam</span> <span class='ocrx_word' id='word_1_213' title='bbox 332 1511 473 1553; x_wconf 84' lang='lat' dir='ltr'>praebere</span> <span class='ocrx_word' id='word_1_214' title='bbox 489 1512 633 1554; x_wconf 88' lang='lat' dir='ltr'>inprimis</span> <span class='ocrx_word' id='word_1_215' title='bbox 657 1512 783 1554; x_wconf 88' lang='lat' dir='ltr'>specula</span> <span class='ocrx_word' id='word_1_216' title='bbox 808 1512 847 1543; x_wconf 83' lang='lat' dir='ltr'>ad</span> <span class='ocrx_word' id='word_1_217' title='bbox 869 1512 1035 1554; x_wconf 82' lang='lat' dir='ltr'>telescopia</span> <span class='ocrx_word' id='word_1_218' title='bbox 1058 1512 1255 1554; x_wconf 86' lang='lat' dir='ltr'>applicandi,</span> <span class='ocrx_word' id='word_1_219' title='bbox 1281 1523 1344 1554; x_wconf 89' lang='lat' dir='ltr'>quo</span> <span class='ocrx_word' id='word_1_220' title='bbox 1362 1511 1493 1541; x_wconf 84' lang='lat' dir='ltr'>tandem</span> 
     </span>
     <span class='ocr_line' id='line_1_26' title="bbox 167 1564 1492 1607; baseline -0.002 -11"><span class='ocrx_word' id='word_1_221' title='bbox 167 1576 186 1596; x_wconf 82' lang='lat'>&gt;›</span> <span class='ocrx_word' id='word_1_222' title='bbox 201 1565 286 1595; x_wconf 86' lang='lat' dir='ltr'>idem</span> <span class='ocrx_word' id='word_1_223' title='bbox 310 1564 509 1595; x_wconf 80' lang='lat' dir='ltr'>obtineamus</span> <span class='ocrx_word' id='word_1_224' title='bbox 528 1565 561 1595; x_wconf 90' lang='lat' dir='ltr'>in</span> <span class='ocrx_word' id='word_1_225' title='bbox 585 1564 760 1607; x_wconf 87' lang='lat' dir='ltr'>telescopiis</span> <span class='ocrx_word' id='word_1_226' title='bbox 786 1565 1021 1604; x_wconf 87' lang='lat' dir='ltr'>construendis,</span> <span class='ocrx_word' id='word_1_227' title='bbox 1048 1565 1132 1607; x_wconf 90' lang='lat' dir='ltr'>quod</span> <span class='ocrx_word' id='word_1_228' title='bbox 1152 1566 1185 1595; x_wconf 91' lang='lat' dir='ltr'>in</span> <span class='ocrx_word' id='word_1_229' title='bbox 1206 1564 1369 1607; x_wconf 85' lang='lat' dir='ltr'>quibusvis</span> <span class='ocrx_word' id='word_1_230' title='bbox 1385 1575 1492 1594; x_wconf 88' lang='lat' dir='ltr'>came-</span> 
     </span>
     <span class='ocr_line' id='line_1_27' title="bbox 168 1617 925 1661; baseline 0 -13"><span class='ocrx_word' id='word_1_231' title='bbox 168 1629 187 1648; x_wconf 71' lang='lat'><strong>»</strong></span> <span class='ocrx_word' id='word_1_232' title='bbox 204 1618 247 1648; x_wconf 93' lang='lat' dir='ltr'>ris</span> <span class='ocrx_word' id='word_1_233' title='bbox 268 1617 439 1648; x_wconf 85' lang='lat' dir='ltr'>obscuratis</span> <span class='ocrx_word' id='word_1_234' title='bbox 463 1618 526 1661; x_wconf 85' lang='lat' dir='ltr'>jam</span> <span class='ocrx_word' id='word_1_235' title='bbox 551 1617 688 1648; x_wconf 85' lang='lat' dir='ltr'>feliciter</span> <span class='ocrx_word' id='word_1_236' title='bbox 711 1618 925 1660; x_wconf 81' lang='lat' dir='ltr'>peregimus.&#39;’</span> 
     </span>
    </p>

    <p class='ocr_par' dir='ltr' id='par_1_6' title="bbox 168 1669 1492 1925">
     <span class='ocr_line' id='line_1_28' title="bbox 212 1669 1490 1712; baseline 0 -12"><span class='ocrx_word' id='word_1_237' title='bbox 212 1682 231 1700; x_wconf 86' lang='grc'>))</span> <span class='ocrx_word' id='word_1_238' title='bbox 247 1670 456 1712; x_wconf 78' lang='lat' dir='ltr'>Exploratum</span> <span class='ocrx_word' id='word_1_239' title='bbox 478 1671 563 1700; x_wconf 88' lang='lat' dir='ltr'>enim</span> <span class='ocrx_word' id='word_1_240' title='bbox 584 1669 754 1709; x_wconf 85' lang='lat' dir='ltr'>habemus,</span> <span class='ocrx_word' id='word_1_241' title='bbox 775 1670 800 1700; x_wconf 87' lang='lat' dir='ltr'>si</span> <span class='ocrx_word' id='word_1_242' title='bbox 819 1671 854 1701; x_wconf 90' lang='lat' dir='ltr'>in</span> <span class='ocrx_word' id='word_1_243' title='bbox 875 1682 998 1702; x_wconf 84' lang='lat' dir='ltr'>camera</span> <span class='ocrx_word' id='word_1_244' title='bbox 1020 1671 1185 1702; x_wconf 88' lang='lat' dir='ltr'>obscurata</span> <span class='ocrx_word' id='word_1_245' title='bbox 1203 1670 1351 1701; x_wconf 87' lang='lat' dir='ltr'>foramini</span> <span class='ocrx_word' id='word_1_246' title='bbox 1373 1670 1490 1701; x_wconf 81' lang='lat' dir='ltr'>vitrum</span> 
     </span>
     <span class='ocr_line' id='line_1_29' title="bbox 168 1722 1491 1764; baseline 0 -11"><span class='ocrx_word' id='word_1_247' title='bbox 168 1733 187 1753; x_wconf 66' lang='lat'>&gt;³</span> <span class='ocrx_word' id='word_1_248' title='bbox 203 1722 380 1764; x_wconf 85' lang='lat' dir='ltr'>applicetur</span> <span class='ocrx_word' id='word_1_249' title='bbox 411 1727 607 1759; x_wconf 72' lang='lat' dir='ltr'>convexum,</span> <span class='ocrx_word' id='word_1_250' title='bbox 636 1722 721 1764; x_wconf 90' lang='lat' dir='ltr'>quod</span> <span class='ocrx_word' id='word_1_251' title='bbox 751 1723 872 1764; x_wconf 88' lang='lat' dir='ltr'>species</span> <span class='ocrx_word' id='word_1_252' title='bbox 895 1734 1004 1755; x_wconf 87' lang='lat' dir='ltr'>rerum</span> <span class='ocrx_word' id='word_1_253' title='bbox 1028 1723 1199 1755; x_wconf 84' lang='lat' dir='ltr'>visibilium</span> <span class='ocrx_word' id='word_1_254' title='bbox 1221 1724 1408 1761; x_wconf 68' lang='lat' dir='ltr'>exteriores,</span> <span class='ocrx_word' id='word_1_255' title='bbox 1434 1734 1491 1764; x_wconf 81' lang='lat' dir='ltr'>per</span> 
     </span>
     <span class='ocr_line' id='line_1_30' title="bbox 169 1774 1492 1816; baseline 0.001 -11"><span class='ocrx_word' id='word_1_256' title='bbox 169 1786 187 1805; x_wconf 79' lang='grc'>»</span> <span class='ocrx_word' id='word_1_257' title='bbox 203 1774 319 1805; x_wconf 86' lang='lat' dir='ltr'>dictam</span> <span class='ocrx_word' id='word_1_258' title='bbox 341 1774 460 1805; x_wconf 84' lang='lat' dir='ltr'>lentem</span> <span class='ocrx_word' id='word_1_259' title='bbox 484 1778 517 1804; x_wconf 88' lang='lat' dir='ltr'>in</span> <span class='ocrx_word' id='word_1_260' title='bbox 538 1774 676 1805; x_wconf 76' lang='lat' dir='ltr'>tabulam</span> <span class='ocrx_word' id='word_1_261' title='bbox 697 1775 800 1806; x_wconf 86' lang='lat' dir='ltr'>albam</span> <span class='ocrx_word' id='word_1_262' title='bbox 826 1777 1019 1816; x_wconf 82' lang='lat' dir='ltr'>incidentes,</span> <span class='ocrx_word' id='word_1_263' title='bbox 1045 1777 1149 1808; x_wconf 82' lang='lat' dir='ltr'>multo</span> <span class='ocrx_word' id='word_1_264' title='bbox 1174 1777 1288 1807; x_wconf 83' lang='lat' dir='ltr'>elarius</span> <span class='ocrx_word' id='word_1_265' title='bbox 1306 1783 1338 1807; x_wconf 90' lang='lat' dir='ltr'>et</span> <span class='ocrx_word' id='word_1_266' title='bbox 1360 1776 1492 1807; x_wconf 80' lang='lat' dir='ltr'>nitidius</span> 
     </span>
     <span class='ocr_line' id='line_1_31' title="bbox 168 1827 1491 1872; baseline 0.001 -15"><span class='ocrx_word' id='word_1_267' title='bbox 168 1838 188 1857; x_wconf 81' lang='lat'>)›</span> <span class='ocrx_word' id='word_1_268' title='bbox 204 1838 277 1858; x_wconf 88' lang='lat' dir='ltr'>cum</span> <span class='ocrx_word' id='word_1_269' title='bbox 303 1827 450 1857; x_wconf 89' lang='lat' dir='ltr'>omnibus</span> <span class='ocrx_word' id='word_1_270' title='bbox 473 1827 629 1858; x_wconf 86' lang='lat' dir='ltr'>coloribus</span> <span class='ocrx_word' id='word_1_271' title='bbox 649 1835 936 1870; x_wconf 63' lang='lat' dir='ltr'>repraesententur,</span> <span class='ocrx_word' id='word_1_272' title='bbox 958 1841 1055 1872; x_wconf 85' lang='lat' dir='ltr'>quam</span> <span class='ocrx_word' id='word_1_273' title='bbox 1075 1831 1100 1860; x_wconf 90' lang='lat' dir='ltr'>si</span> <span class='ocrx_word' id='word_1_274' title='bbox 1119 1841 1176 1872; x_wconf 88' lang='lat' dir='ltr'>per</span> <span class='ocrx_word' id='word_1_275' title='bbox 1198 1829 1322 1860; x_wconf 82' lang='lat' dir='ltr'>nudum</span> <span class='ocrx_word' id='word_1_276' title='bbox 1345 1829 1491 1860; x_wconf 75' lang='lat' dir='ltr'>foramen</span> 
     </span>
     <span class='ocr_line' id='line_1_32' title="bbox 169 1879 1490 1925; baseline 0.001 -15"><span class='ocrx_word' id='word_1_277' title='bbox 169 1890 187 1910; x_wconf 73' lang='lat'>&gt;³</span> <span class='ocrx_word' id='word_1_278' title='bbox 202 1879 469 1918; x_wconf 86' lang='lat' dir='ltr'>intromittantur,</span> <span class='ocrx_word' id='word_1_279' title='bbox 495 1885 590 1921; x_wconf 85' lang='lat' dir='ltr'>atque</span> <span class='ocrx_word' id='word_1_280' title='bbox 613 1879 648 1910; x_wconf 82' lang='lat' dir='ltr'>id</span> <span class='ocrx_word' id='word_1_281' title='bbox 673 1891 710 1910; x_wconf 89' lang='lat' dir='ltr'>eo</span> <span class='ocrx_word' id='word_1_282' title='bbox 730 1880 835 1913; x_wconf 85' lang='lat' dir='ltr'>adhuc</span> <span class='ocrx_word' id='word_1_283' title='bbox 859 1883 1054 1922; x_wconf 84' lang='lat' dir='ltr'>accuratius,</span> <span class='ocrx_word' id='word_1_284' title='bbox 1079 1893 1143 1925; x_wconf 88' lang='lat' dir='ltr'>quo</span> <span class='ocrx_word' id='word_1_285' title='bbox 1168 1883 1287 1915; x_wconf 84' lang='lat' dir='ltr'>vitrum</span> <span class='ocrx_word' id='word_1_286' title='bbox 1306 1881 1388 1913; x_wconf 84' lang='lat' dir='ltr'>illud</span> <span class='ocrx_word' id='word_1_287' title='bbox 1412 1891 1490 1911; x_wconf 88' lang='lat' dir='ltr'>con—</span> 
     </span>
    </p>
   </div>
   <div class='ocr_carea' id='block_1_3' title="bbox 211 1990 1489 2025">
    <p class='ocr_par' dir='ltr' id='par_1_7' title="bbox 211 1990 1489 2025">
     <span class='ocr_line' id='line_1_33' title="bbox 211 1990 1489 2025; baseline 0.002 -12"><span class='ocrx_word' id='word_1_288' title='bbox 211 1990 255 2018; x_wconf 74' lang='lat'>(*)</span> <span class='ocrx_word' id='word_1_289' title='bbox 272 1991 342 2013; x_wconf 78' lang='lat' dir='ltr'>Hauc</span> <span class='ocrx_word' id='word_1_290' title='bbox 358 1991 537 2020; x_wconf 77' lang='lat' dir='ltr'>praediciionem</span> <span class='ocrx_word' id='word_1_291' title='bbox 555 1991 655 2015; x_wconf 84' lang='lat' dir='ltr'>mirifice</span> <span class='ocrx_word' id='word_1_292' title='bbox 670 1993 838 2023; x_wconf 83' lang='lat' dir='ltr'>comprobavit</span> <span class='ocrx_word' id='word_1_293' title='bbox 851 1999 950 2017; x_wconf 74' lang='lat' dir='ltr'>eventus</span> <span class='ocrx_word' id='word_1_294' title='bbox 968 1995 1014 2022; x_wconf 80' lang='lat' dir='ltr'>iis,</span> <span class='ocrx_word' id='word_1_295' title='bbox 1041 2002 1093 2025; x_wconf 76' lang='lat' dir='ltr'>qnae</span> <span class='ocrx_word' id='word_1_296' title='bbox 1114 1995 1170 2017; x_wconf 82' lang='lat' dir='ltr'>inde</span> <span class='ocrx_word' id='word_1_297' title='bbox 1186 2003 1215 2017; x_wconf 76' lang='lat' dir='ltr'>ex</span> <span class='ocrx_word' id='word_1_298' title='bbox 1232 1999 1317 2024; x_wconf 85' lang='lat' dir='ltr'>quarto</span> <span class='ocrx_word' id='word_1_299' title='bbox 1334 1998 1397 2016; x_wconf 83' lang='lat' dir='ltr'>retro</span> <span class='ocrx_word' id='word_1_300' title='bbox 1412 1994 1489 2016; x_wconf 78' lang='lat' dir='ltr'>lustro</span> 
     </span>
    </p>
   </div>
   <div class='ocr_carea' id='block_1_4' title="bbox 165 2019 1487 2074">
    <p class='ocr_par' dir='ltr' id='par_1_8' title="bbox 165 2019 1487 2074">
     <span class='ocr_line' id='line_1_34' title="bbox 165 2019 1487 2074; baseline 0.003 -32"><span class='ocrx_word' id='word_1_301' title='bbox 165 2019 409 2074; x_wconf 43' lang='lat' dir='ltr'>fficzglprffcpdentifs</span> <span class='ocrx_word' id='word_1_302' title='bbox 429 2021 607 2050; x_wconf 77' lang='lat' dir='ltr'>perfectissimis</span> <span class='ocrx_word' id='word_1_303' title='bbox 626 2023 771 2046; x_wconf 75' lang='lat' dir='ltr'>IIerschelii</span> <span class='ocrx_word' id='word_1_304' title='bbox 791 2028 862 2055; x_wconf 61' lang='lat' dir='ltr'>atque</span> <span class='ocrx_word' id='word_1_305' title='bbox 883 2024 1021 2048; x_wconf 73' lang='lat' dir='ltr'>Scliroeteri</span> <span class='ocrx_word' id='word_1_306' title='bbox 1048 2025 1181 2055; x_wconf 74' lang='lat' dir='ltr'>telescopiis</span> <span class='ocrx_word' id='word_1_307' title='bbox 1211 2032 1276 2048; x_wconf 83' lang='lat' dir='ltr'>nova</span> <span class='ocrx_word' id='word_1_308' title='bbox 1298 2028 1322 2046; x_wconf 77' lang='lat' dir='ltr'>et.</span> <span class='ocrx_word' id='word_1_309' title='bbox 1339 2023 1487 2047; x_wconf 59' lang='lat' dir='ltr'>admiranda</span> 
     </span>
     <span class='ocr_line' id='line_1_35' title="bbox 299 2058 467 2074; baseline 0 -1"><span class='ocrx_word' id='word_1_310' title='bbox 299 2059 309 2073; x_wconf 88' lang='lat' dir='ltr'>e</span> <span class='ocrx_word' id='word_1_311' title='bbox 322 2058 347 2074; x_wconf 85' lang='lat' dir='ltr'>ec</span> <span class='ocrx_word' id='word_1_312' title='bbox 360 2059 373 2073; x_wconf 83' lang='lat' dir='ltr'>a</span> <span class='ocrx_word' id='word_1_313' title='bbox 403 2058 467 2074; x_wconf 80' lang='lat' dir='ltr'>uere.</span> 
     </span>
    </p>
   </div>
  </div>
 </body>
</html>
