1809 2469
777 244 889 287 (39)

219 314 385 347 Generalis
405 321 452 346 est
472 316 592 358 opinio,
616 314 701 358 quod
722 315 862 347 medulla
888 315 1017 347 cerebro
1037 318 1076 348 sit
1098 318 1234 350 mollior:
1260 326 1398 351 attamen
1420 320 1497 352 dum

174 368 243 400 haec
264 370 298 399 in
317 375 401 400 statu
422 370 589 400 recentiori
609 369 826 408 examinatur,
851 369 944 400 facile
964 376 1011 400 est
1030 371 1154 411 videre,
1177 375 1246 416 ejus
1265 375 1498 405 consistentiam

175 432 366 464 exsuperare
391 422 478 453 illam
508 428 540 453 et
565 421 685 453 cerebri
709 423 837 465 proprie
861 424 900 453 sit
926 423 1002 454 dicti
1028 430 1060 454 et
1082 425 1245 465 cerebelli,
1270 438 1371 469 quum
1392 433 1499 459 tamen

174 474 412 517 protuberantia
435 474 602 506 cerebralis
621 474 658 505 ea
681 474 789 506 durior
810 476 850 506 sit
868 475 924 517 (1).

218 528 401 567 Problema,
422 534 532 559 utrum
556 539 654 559 massa
675 528 821 559 rachidea
845 535 877 560 et
902 530 1009 569 nervi,
1034 531 1257 573 productiones
1278 533 1339 564 sint
1361 534 1498 572 cerebri,

174 582 227 614 vel
247 594 287 613 an
307 594 325 613 e
349 588 456 613 contra
478 581 643 613 cerebrum
666 582 937 614 continuationem
960 583 1012 615 vel
1033 584 1291 617 efflorescentiam
1320 587 1384 628 (ut
1408 587 1500 618 Reilii

175 635 278 668 verbis
298 635 393 677 utar)
418 635 567 666 medullae
589 635 716 678 spinalis
736 636 843 675 sistat,
870 636 1045 668 diutissime
1069 645 1209 670 mentem
1235 646 1357 671 naturae
1377 647 1501 672 scruta-

175 694 281 719 torum
302 687 407 720 divisit
426 694 522 730 atque
542 689 719 730 occupavit.
740 689 831 720 Prior
851 689 964 721 harum
984 691 1170 733 opinionum
1191 694 1365 724 maximum
1384 694 1501 725 suffra-

175 741 301 784 giorum
332 752 505 772 numerum
535 741 683 772 obtinuit.
718 741 881 782 Galenus,
909 743 1053 775 Vesalius
1077 745 1145 787 (2),
1172 746 1346 789 Fallopius,
1373 747 1498 787 Willis,

175 794 362 833 Vieussens,
384 794 506 833 Haller,
534 795 632 834 Zinn,
658 795 781 835 Portal,
807 801 839 826 et
863 796 915 826 alii
939 796 1022 827 hanc
1048 798 1185 840 amplexi
1210 806 1298 830 sunt:
1326 806 1371 831 ast
1394 812 1500 844 nupe-

175 848 266 878 rioris
286 848 435 890 temporis
455 848 631 879 Anatomici
655 849 688 878 in
706 859 776 878 eam
798 849 1043 881 insurrexerunt
1063 858 1095 882 et
1114 855 1318 894 posteriorem
1337 855 1371 884 in
1392 855 1500 896 pristi—

175 912 255 932 num
279 912 373 932 suum
394 901 535 944 vigorem
558 902 779 933 restituerunt.
808 902 954 945 Namque
978 910 1063 935 certe
1082 916 1163 935 nova
1186 917 1249 936 non
1271 913 1353 945 erat,
1381 909 1500 950 quippe

177 955 233 996 qui
253 954 342 985 Plato
361 955 395 985 in
415 966 472 985 suo
496 955 623 993 Timeo,
645 955 853 997 Praxagoras,
880 956 1082 996 Philotimas,
1104 958 1276 990 Plistonius
1299 965 1330 990 et
1352 960 1404 990 alii
1425 960 1501 1002 phi-

175 1007 298 1049 losophi
313 1008 407 1049 graeci
425 1018 495 1037 eam
512 1007 650 1049 amplexi
666 1008 812 1046 fuerant3
833 1009 895 1050 qua
912 1009 951 1039 de
967 1009 1059 1039 causa
1076 1011 1194 1041 summi
1207 1011 1254 1041 illi
1271 1013 1329 1044 viri
1345 1024 1362 1043 a
1379 1013 1500 1044 Galeno

177 1059 341 1102 epithetis,
360 1071 475 1102 parum
496 1060 675 1101 exquisitiS,
699 1059 834 1091 fuerunt
857 1063 1011 1092 exornati.

219 1112 357 1143 Thomas
377 1112 581 1143 Bartholinus
598 1113 662 1154 (3),
683 1113 876 1156 Malpighius
893 1114 941 1156 (4)
960 1121 991 1145 et
1008 1115 1179 1147 Fracassati
1195 1117 1242 1160 (5)
1262 1117 1301 1148 de
1320 1129 1404 1149 novo
1424 1130 1500 1161 pro-

177 1166 356 1197 clamarunt
379 1165 462 1196 hanc
485 1165 686 1209 hypothesim
709 1172 741 1196 et
762 1165 909 1208 pluribus
934 1169 1130 1209 argumentis
1154 1171 1375 1212 peremptoriis
1399 1172 1497 1213 ipsam

176 1218 314 1250 stabilire
337 1219 440 1249 conati
461 1225 546 1249 sunt.
573 1219 717 1250 Examen
742 1218 862 1249 cerebri
885 1230 941 1261 per
962 1220 1098 1252 diversas
1122 1223 1196 1253 vitae
1216 1223 1330 1254 foetalis
1356 1224 1500 1266 periodos

175 1282 322 1314 pugnare
336 1271 461 1303 videtur
482 1272 516 1302 in
538 1271 679 1303 favorem
700 1273 879 1315 posterioris
897 1273 982 1304 illius
997 1276 1177 1314 sententiae,
1197 1276 1245 1307 uti
1266 1276 1359 1307 facile
1375 1277 1499 1320 judica—

176 1325 264 1357 bitur
283 1336 323 1356 ex
345 1325 512 1356 minutulis
531 1325 816 1364 observationibus,
842 1338 920 1369 quas
939 1327 1070 1358 celebris
1085 1328 1281 1360 Tiedemann
1296 1330 1327 1360 in
1345 1337 1500 1372 praestan-

177 1379 296 1410 tissimo
315 1390 372 1410 suo
397 1390 492 1421 opere
518 1379 557 1410 de
577 1380 732 1410 anatomia
755 1379 875 1410 cerebri
900 1379 1073 1422 descripsit.
1102 1381 1163 1412 Sed
1188 1382 1240 1413 hic
1270 1382 1358 1413 nobis
1387 1383 1499 1414 dixisse

177 1431 326 1472 sufficiat,
342 1432 427 1475 quod
443 1443 507 1463 non
521 1432 623 1464 solum
642 1434 676 1463 in
693 1433 803 1475 primis
818 1439 888 1475 post
902 1435 1140 1476 conceptionem
1155 1435 1315 1466 mensibus
1333 1436 1499 1468 cerebrum

177 1485 270 1518 valde
287 1485 514 1528 imperfectum
532 1486 587 1526 sit,
609 1497 721 1518 verum
740 1487 834 1517 etiam
855 1487 940 1530 quod
957 1487 990 1518 in
1006 1498 1043 1518 eo
1059 1487 1225 1518 manifesto
1245 1490 1389 1531 cognosci
1404 1497 1501 1532 queat

178 1545 272 1582 typus
296 1538 447 1570 medullae
468 1539 612 1582 spinalis:
641 1539 726 1582 quod
748 1539 950 1571 efformatum
972 1541 1011 1571 sit
1034 1551 1073 1571 ex
1100 1541 1336 1572 continuatione
1362 1542 1497 1574 duarum

178 1592 415 1635 praecipuarum
442 1591 539 1636 hujus
564 1592 712 1624 medullae
737 1593 905 1625 fasciarum
933 1594 1133 1625 fibrosarum:
1166 1595 1250 1637 quod
1275 1596 1413 1636 canales,
1442 1598 1497 1639 qui

179 1645 352 1677 medullam
373 1651 569 1688 percurrunt
587 1646 626 1677 ad
648 1646 731 1677 hanc
752 1647 823 1678 vitae
843 1647 1012 1689 epocham,
1031 1658 1097 1678 sese
1112 1649 1300 1679 continuant
1316 1660 1389 1679 cum
1406 1651 1498 1680 tertio

179 1705 211 1730 et
229 1705 341 1742 quarto
361 1698 555 1730 ventriculo:
577 1699 727 1742 quodque
748 1700 874 1731 tandem
895 1712 969 1743 pars
988 1703 1131 1744 superior
1151 1702 1272 1733 cerebri
1293 1702 1403 1733 offerat
1420 1714 1496 1745 pro-

180 1753 313 1784 fundam
328 1753 500 1784 incisuram
520 1759 700 1785 antrorsum
719 1759 910 1796 postrorsum
928 1766 1050 1795 versus,
1066 1761 1098 1785 et
1114 1755 1198 1797 quod
1215 1754 1397 1795 cerebrum,
1414 1756 1497 1799 quod

242 1875 286 1904 (ι)
301 1875 438 1904 Chaussier,
458 1884 510 1907 pag.
531 1877 584 1904 116,
602 1881 627 1899 et
642 1877 738 1905 Gordo,
758 1885 813 1908 pag.
834 1878 883 1900 182.

239 1915 284 1944 (α)
300 1914 336 1937 De
354 1922 399 1937 usu
410 1916 530 1945 partium,
547 1916 593 1939 ΞΜ).
609 1917 633 1939 8.
652 1924 704 1947 cap.
725 1925 760 1940 12.

239 1956 285 1984 (5)
300 1954 375 1977 Anat.
393 1955 472 1985 quim.
490 1961 600 1980 renovat.
620 1957 723 1987 Leydae,
744 1957 809 1980 1686.
829 1965 881 1988 pag.
898 1958 949 1980 428.

241 1995 283 2023 (4)
300 1994 334 2018 De
350 1995 443 2017 cerebro
458 1995 483 2018 in
501 2004 569 2027 opere
587 1997 676 2020 minor.
699 1997 800 2027 Leydae,
819 1997 878 2020 iu-4.
897 2001 914 2020 t.
930 2005 953 2019 2.
973 2005 1024 2028 pag.
1045 1997 1096 2020 116.

241 2035 284 2064 (5)
301 2034 336 2058 De
352 2034 446 2058 cerebro
463 2034 489 2057 iu
507 2035 639 2067 Malpighit
652 2044 716 2067 oper.
738 2041 795 2059 tom.
815 2045 837 2059 τι.
856 2044 909 2067 pag.
925 2037 949 2059 3.
