1809 2469
778 245 790 287 (
814 246 854 278 35
879 246 892 288 )

176 315 281 347 nalem
299 327 392 347 suum
409 315 577 348 decursum
594 322 789 359 sequuntur,
809 318 887 348 dum
903 329 921 349 e
937 325 1044 350 contra
1062 322 1232 353 anteriores
1249 334 1315 354 sese
1331 324 1497 355 decussant

176 370 215 401 ad
236 371 467 401 extremitatem
493 374 687 413 superiorem
709 369 857 401 medullae
884 371 1028 413 spinalis,
1052 373 1094 403 ita
1118 380 1154 404 ut
1174 374 1227 405 ille
1254 377 1310 418 qui
1339 378 1373 407 in
1399 377 1496 408 latere

176 422 288 453 dextro
301 423 379 454 situs
395 429 462 454 erat
480 423 518 454 ad
539 423 620 454 latus
635 424 799 454 sinistrum
815 424 925 455 tendat
945 430 977 455 et
995 426 1171 466 viceversa‚
1192 434 1224 458 et
1238 429 1281 459 sic
1297 430 1330 460 in
1349 430 1409 461 hoc
1428 431 1495 462 loco

177 475 245 507 hini
263 476 406 507 fasciculi
426 476 553 519 oblique
572 487 637 507 sese
658 477 836 507 decussent.
870 477 951 515 Quae
978 477 1152 510 decussatio
1172 482 1308 522 spatium
1329 484 1454 514 circiter
1477 485 1494 515 5

178 529 229 560 vel
245 529 267 561 6
286 529 443 560 linearum
464 540 637 571 occupan5‚
658 528 721 572 jam
740 530 898 562 indicatur
917 531 955 562 ad
976 531 1091 563 faciem
1113 533 1297 565 inferiorem
1318 536 1373 566 ubi
1391 537 1497 569 sulcus

178 583 316 613 anterior
331 581 471 612 nondum
487 582 520 612 in
532 582 595 612 tot&
608 582 663 613 sus
677 582 879 625 longitudine
900 585 1021 624 existit,
1035 592 1066 616 et
1081 586 1113 616 in
1130 586 1227 618 bulbo
1242 589 1390 620 rachideo
1409 590 1494 630 latae,

176 634 228 666 sed
244 634 451 677 superficiali,
470 634 662 677 depressioni
677 635 782 667 locum
797 637 927 680 praebet.
949 639 1073 670 Deinde
1088 641 1221 680 iterum,
1241 641 1349 684 majori
1367 644 1498 685 quidem

175 700 248 720 cum
267 688 486 731 profunditate
504 700 600 731 quam
619 695 727 729 antea,
747 697 891 733 apparet,
907 697 1004 734 atque
1022 692 1129 724 adhuc
1143 695 1242 737 magis
1260 697 1428 738 conspicua
1448 698 1497 737 fit,

176 741 253 773 dum
274 741 312 773 ad
336 748 459 784 partem
479 742 548 785 ejus
568 743 757 774 anteriorem
779 743 852 774 bina
875 744 1025 776 medullae
1047 744 1144 776 latera
1167 757 1182 776 a
1203 757 1236 777 se
1257 748 1394 780 invicem
1415 761 1498 792 pau—

174 795 280 826 lulum
299 806 508 827 semnvemus.
540 795 595 826 Ast
613 794 682 826 bini
702 795 840 826 funiculi
865 807 930 827 sese
951 808 1015 828 non
1036 798 1079 828 ita
1100 798 1282 840 decussant,
1309 807 1346 831 ut
1371 802 1498 834 indivisi

174 847 214 879 ab
235 859 299 879 uno
319 848 417 879 latere
439 848 478 879 ad
504 847 586 879 latus
606 848 742 880 alterum
769 855 945 890 transeant,
974 851 1027 882 sed
1059 852 1248 884 dividuntur
1275 855 1308 885 in
1337 855 1498 888 funiculos

174 902 312 932 minores
331 912 468 932 numero
488 907 551 932 tres
570 901 609 932 ad
624 912 694 941 sex,
710 902 767 944 qui
787 913 852 933 sese
872 904 1072 935 intertricant
1088 907 1135 936 uti
1152 906 1242 949 digiti
1262 906 1409 940 binarum
1429 921 1498 940 ma-

174 966 294 993 nuum,
321 954 398 985 dum
419 954 487 985 illas
509 954 724 997 implectimus
752 954 847 996 (Vid.
872 955 935 986 tab.
962 964 999 987 n0
1025 958 1100 999 20).
1130 959 1201 990 Toti
1224 965 1331 991 tamen
1355 962 1499 994 fasciculi

173 1008 345 1038 anteriores
367 1018 431 1036 non
457 1006 540 1036 hanc
566 1006 816 1037 decussationem
844 1008 1027 1048 patiuntur,
1057 1010 1140 1040 hanc
1163 1012 1397 1053 dispositionem
1426 1021 1498 1046 tan-

172 1060 337 1091 tummodo
357 1059 450 1090 offert
464 1070 536 1102 pars
556 1059 684 1090 illorum
704 1060 873 1101 posterior,
892 1066 923 1091 et
941 1063 1089 1093 anterior.
1108 1063 1196 1094 Illius
1210 1066 1257 1095 rei
1277 1067 1424 1098 certiores
1442 1079 1498 1099 nos

173 1114 279 1145 facere
299 1124 348 1144 res
367 1124 430 1144 non
449 1119 495 1143 est
515 1112 666 1151 difficilis,
688 1112 764 1143 dum
785 1113 819 1142 in
839 1113 900 1144 hoc
918 1114 987 1144 loco
1006 1116 1176 1147 sectionem
1197 1123 1406 1151 transversam
1428 1132 1499 1152 me-

173 1166 269 1197 dullae
284 1166 497 1204 instituimus3
514 1176 653 1207 namque
669 1171 747 1196 tunc
762 1167 880 1208 optime
896 1166 1004 1198 videre
1020 1174 1081 1208 est,
1098 1169 1184 1212 quod
1197 1171 1231 1201 in
1246 1177 1383 1214 utroque
1399 1173 1498 1205 latere

172 1219 213 1251 ab
233 1221 432 1251 extremitate
451 1220 623 1261 posteriore
643 1218 782 1250 funiculi
805 1220 969 1251 anterioris
989 1221 1128 1253 solvatur
1149 1223 1276 1255 fasciola
1297 1225 1497 1267 medullaris,

174 1283 246 1315 quae
261 1278 439 1303 antrorsum
457 1278 488 1302 et
502 1272 674 1303 introrsum
689 1283 797 1304 versus
814 1283 880 1304 sese
895 1273 1002 1315 dirigit
1023 1281 1054 1305 et
1071 1286 1143 1306 cum
1161 1276 1216 1307 illa
1232 1278 1329 1319 partis
1347 1280 1498 1322 oppositae

172 1337 239 1357 sese
259 1326 419 1356 decussat:
441 1325 519 1356 dum
538 1330 643 1368 partes
661 1324 805 1356 laterales
822 1325 939 1369 absque
957 1327 1023 1358 ulla
1042 1328 1275 1372 interruptione
1295 1342 1497 1373 progressum

172 1390 269 1411 suum
289 1379 488 1410 continuant.
512 1378 587 1409 Haec
602 1378 776 1410 decussatio
796 1378 907 1419 efficit,
925 1380 1010 1422 quod
1028 1392 1100 1423 pars
1118 1383 1257 1414 anterior
1276 1384 1383 1415 nuclei
1404 1386 1498 1428 grisei

173 1432 323 1464 medullae
350 1432 506 1474 elongatae
536 1432 570 1462 in
594 1431 683 1462 binas
713 1438 817 1474 partes
842 1432 986 1464 laterales
1007 1433 1185 1475 dividatur3
1216 1436 1340 1479 singula
1368 1437 1498 1469 illarum

173 1486 313 1528 partium
335 1485 518 1516 continetur
537 1485 620 1516 inter
640 1485 755 1516 faeiem
776 1486 936 1517 internam
959 1487 1058 1529 ipsius
1081 1487 1304 1521 decussationis
1322 1496 1354 1521 et
1373 1497 1496 1533 partem

174 1539 336 1570 lateralem
358 1545 522 1570 externam
543 1538 683 1570 funiculi
703 1539 887 1570 medullaris
907 1541 1081 1572 anterioris.

217 1592 293 1623 Haec
314 1591 488 1623 decussatio
509 1598 574 1623 tam
592 1592 758 1623 manifesta
777 1599 838 1633 est,
859 1599 896 1624 ut
912 1593 983 1637 jure
1004 1594 1186 1626 mirandum
1205 1597 1261 1636 sit,
1283 1596 1367 1639 quod
1388 1597 1496 1640 plures

174 1645 351 1677 Anatomici
371 1645 457 1676 illam
475 1647 509 1676 in
528 1645 663 1677 dubium
685 1647 873 1678 revocarint.
895 1646 984 1678 Hanc
1000 1648 1084 1678 enim
1100 1647 1163 1691 jam
1179 1660 1262 1680 anno
1281 1650 1367 1683 1709
1382 1652 1496 1693 magna

175 1699 388 1730 concinnitate
413 1698 619 1741 descripserat
642 1699 822 1730 Mistichelli
844 1700 907 1743 (1),
933 1707 1029 1743 atque
1053 1702 1138 1732 Petit
1158 1713 1240 1733 anno
1257 1703 1343 1736 1710
1359 1702 1407 1745 (2)
1415 1715 1423 1743 3
1441 1704 1496 1735 sed

173 1758 280 1796 postea
307 1753 465 1784 Lieutaud
485 1753 547 1795 (3),
577 1753 763 1785 Santorinus
784 1753 832 1796 (4)
864 1760 895 1785 et
921 1754 1129 1786 Winslowius
1154 1755 1202 1797 (5)
1225 1760 1290 1786 tam
1315 1762 1495 1788 accuratam

234 1866 267 1895 (1)
282 1866 394 1888 Trattato
411 1865 450 1889 del
468 1866 614 1896 Apoplexia.
635 1866 727 1894 Roma,
750 1874 814 1895 ²709·

233 1905 266 1935 (2)
282 1905 363 1928 Lente
378 1905 434 1928 d'un
448 1906 557 1929 me'decin
573 1906 614 1928 des
629 1906 749 1936 hopitaux
766 1905 799 1928 du
814 1905 869 1930 Roi.
889 1906 997 1935 Namur,
1014 1914 1080 1936 ¹710·
1099 1913 1123 1936 p.
1142 1914 1177 1929 12.

233 1945 266 1974 (3)
282 1944 427 1971 Anatomie,
446 1952 501 1975 pag.
523 1946 572 1975 ¹59·
1033 1948 1037 1952 ”

234 1985 267 2013 (4)
283 1984 382 2006 Observ.
400 1988 465 2006 anat.
484 1984 544 2007 Sect.
564 1985 623 2007 XII.

234 2023 267 2053 (5)
283 2023 427 2053 Anatomie‚
448 2023 518 2046 traitd
534 2023 562 2047 de
580 2024 604 2047 la
621 2024 674 2047 tete.
695 2023 730 2047 N·
749 2032 797 2047 110.
