1809 2469
821 248 934 292 (93)

215 319 316 350 cruris
352 319 529 351 immobiles
565 320 695 351 omnino
725 327 958 351 remanserunt.
992 322 1114 353 Deinde
1144 323 1315 366 ligaturam
1343 326 1539 368 superiorem

213 373 332 404 iterum
352 373 523 415 applicavit
545 380 577 404 et
601 373 786 404 inferiorem
805 373 944 404 abstulit.
968 375 1053 405 Dum
1073 376 1184 407 eadem
1204 378 1294 408 nervi
1312 379 1415 421 portio
1434 380 1542 410 irrita-

213 426 308 457 batur
327 427 464 458 musculi
486 427 673 470 posteriores
693 427 794 457 cruris
815 428 1044 459 contractiones
1059 429 1259 461 violentiores
1279 433 1358 473 passi
1381 438 1472 472 sunt,
1496 439 1542 464 ast

215 480 333 510 animal
356 480 437 511 nihil
457 481 580 519 sensiit,
605 486 636 511 et
657 492 721 511 non
743 481 840 523 magis
862 481 925 512 fuit
947 488 1158 522 commotum,
1180 495 1216 514 ac
1235 485 1260 515 si
1280 485 1312 515 in
1332 485 1392 516 aiio
1412 485 1541 517 animali

214 533 283 564 haec
309 534 414 564 onmia
446 534 581 565 fuissent
610 539 802 577 perpetrata.
836 533 951 576 Sicque
979 534 1149 575 solvendo,
1181 536 1273 567 modo
1300 548 1418 576 unam,
1450 538 1542 569 modo

216 587 347 619 alteram
369 588 495 619 illarum
517 588 745 631 ligaturarum,
765 588 918 627 vicissim,
941 588 995 619 sed
1016 599 1141 631 semper
1163 591 1368 632 segregatim,
1390 590 1544 622 determi-

215 647 335 672 nantur
360 643 590 673 contractiones
615 648 647 672 et
669 642 876 681 sensationes;
902 641 1030 672 tandem
1054 653 1112 684 per
1136 643 1306 673 sectionem
1333 649 1543 675 transversam

215 705 353 726 nervum
379 695 577 726 iscliiaticum
608 695 798 733 resecando,
824 695 1014 725 irritationes
1036 695 1069 725 iu
1090 701 1204 727 trunco
1228 697 1383 739 superiori
1408 703 1544 739 peractae

216 759 280 778 non
304 749 362 778 nisi
384 750 591 788 sensationes,
607 749 640 779 in
657 755 771 779 trunco
785 748 929 779 inferiori
946 759 1020 779 vero
1037 751 1265 780 contractiones
1280 749 1543 781 determinabant.

262 801 310 833 Cl.
331 802 485 833 Flourens
506 814 544 834 ex
566 814 602 834 eo
621 802 668 845 (1)
691 802 824 833 deduxit
845 802 1097 841 conclusionem,
1119 802 1204 845 quod
1222 802 1297 834 dum
1314 814 1432 834 nervus
1447 803 1545 834 libere

217 856 424 887 continuatur
450 868 465 887 a
491 857 607 887 centris
630 857 756 887 uerveis
780 855 820 886 ad
843 861 948 898 partes
970 855 1181 895 musculares,
1207 867 1332 899 semper
1351 856 1419 900 ejus
1439 857 1546 887 irrita-

217 910 336 940 tionem
359 909 455 941 simul
475 916 650 953 sequantur
671 916 702 941 et
723 910 857 940 sensatio
878 915 910 940 et
930 910 1113 940 contractio.

261 963 347 994 Dum
380 964 626 994 communicatio
654 964 745 995 nervi
777 975 852 994 cum
883 964 999 994 centris
1031 964 1157 995 nerveis
1188 963 1454 1006 interrumpitur,
1483 974 1548 993 non

218 1017 355 1058 amplius
376 1018 482 1046 existit
502 1018 653 1054 sensatio,
681 1017 759 1047 dum
779 1028 796 1047 e
822 1023 930 1047 contra
949 1016 1018 1058 ejus
1040 1017 1284 1047 communicatio
1310 1028 1383 1047 cum
1406 1015 1549 1059 partibus

217 1067 454 1100 muscularibus
467 1067 643 1110 impeditur
657 1079 717 1099 nec
732 1069 923 1099 sensationes
938 1079 997 1098 nee
1013 1068 1243 1098 contractiones
1258 1069 1392 1110 produci
1406 1075 1547 1110 possunt.

262 1122 311 1153 Ex
331 1121 588 1164 praecedentibus
608 1121 714 1152 relatis
737 1122 964 1163 experimentis
985 1126 1088 1163 patet,
1114 1120 1199 1163 quod
1220 1132 1338 1153 nervus
1359 1122 1551 1152 sensationes

219 1182 251 1207 et
266 1175 496 1206 contractiones
518 1174 716 1206 solummodo
741 1176 874 1214 excitet,
896 1174 1014 1217 absque
1030 1185 1066 1205 eo
1083 1180 1119 1206 ut
1134 1185 1173 1205 ex
1192 1185 1224 1204 se
1242 1175 1310 1216 ipso
1324 1174 1478 1205 sensibilis
1498 1174 1550 1207 vel

219 1228 412 1260 contractilis
431 1229 484 1259 sit:
506 1239 566 1259 nec
581 1229 693 1268 sentit,
710 1239 770 1259 nec
786 1239 852 1260 sese
871 1228 1046 1267 contrahit,
1068 1238 1181 1260 verum
1202 1227 1330 1258 excitat.
1353 1227 1455 1269 Igitur
1474 1239 1551 1271 pro-

220 1282 337 1325 prietas
359 1282 527 1314 excitativa
550 1282 766 1313 sensationum
787 1288 820 1313 et
842 1282 1110 1321 contractionum,
1137 1282 1312 1324 proprietas
1334 1286 1380 1312 est
1404 1281 1551 1313 distincta

219 1336 259 1367 ab
289 1337 363 1379 ipsis
395 1335 625 1367 sensationibus
654 1342 751 1378 atque
778 1334 1056 1366 contractionibus.
1091 1335 1207 1365 Omnia
1236 1335 1306 1366 haec
1332 1335 1551 1378 experimenta

220 1389 349 1421 abunde
374 1389 525 1432 probant,
551 1388 638 1431 quod
662 1389 770 1428 nervi,
797 1389 852 1431 qui
879 1399 948 1420 sese
971 1388 1124 1420 musculis
1148 1387 1360 1428 distribuunt,
1387 1389 1552 1419 transmit-

221 1443 325 1474 tendis
340 1442 600 1486 impressionibus
614 1443 680 1485 apti
697 1443 760 1473 sint
777 1448 809 1473 et
824 1443 898 1485 ipsis
917 1442 1043 1484 organis
1056 1441 1395 1484 cerebro-spinalibus,
1412 1443 1552 1485 ipsisque

221 1496 388 1528 musculis:
414 1496 565 1539 quodque
587 1495 652 1535 illi,
677 1496 734 1538 qui
758 1497 825 1527 cuti
846 1495 1054 1539 respondent,
1075 1496 1267 1527 irritationes
1287 1495 1327 1526 ad
1349 1495 1412 1526 sola
1436 1507 1552 1538 organa

222 1549 565 1592 encephalo-rachidea
596 1550 822 1581 transmittant.
850 1549 883 1580 Si
910 1549 1058 1580 animalia
1085 1555 1190 1581 motus
1216 1555 1384 1589 exercent,
1413 1550 1494 1580 ratio
1519 1550 1553 1580 in

223 1604 383 1635 reactione
406 1603 546 1645 partium
575 1602 765 1634 centralium
790 1603 967 1646 systematis
990 1603 1101 1635 nervei
1126 1608 1173 1633 est
1201 1602 1390 1645 quaerenda3
1416 1602 1502 1645 quod
1528 1604 1554 1633 si

222 1658 477 1700 interrumpatur
510 1658 757 1688 communicatio
787 1658 928 1699 partium
957 1657 1056 1699 ipsius
1086 1657 1198 1695 nervi,
1228 1656 1294 1687 sive
1320 1656 1458 1686 sectione
1488 1656 1554 1687 sive

222 1711 376 1754 ligatura,
399 1722 508 1742 omnes
527 1711 720 1743 irritationes
738 1711 822 1742 infra
843 1710 1014 1755 ligaturam
1035 1711 1128 1743 factae
1149 1710 1189 1741 ab
1211 1710 1340 1741 animali
1361 1721 1425 1741 non
1447 1710 1553 1752 perci—

223 1766 376 1808 piuntur,
398 1771 430 1796 at
449 1766 622 1796 contractio
642 1765 752 1797 locum
773 1765 870 1797 habet
889 1767 913 1796 si
935 1776 1053 1797 nervus
1074 1764 1113 1795 ad
1133 1763 1292 1795 musculos
1307 1764 1511 1801 terminatum
1529 1763 1553 1793 si

226 1819 293 1850 cuti
312 1829 380 1849 sese
399 1818 576 1858 distribuit,
597 1818 726 1850 nullum
747 1819 979 1862 pliaenomenon
1001 1818 1196 1850 observatur.
1224 1817 1425 1847 Contrarium
1447 1817 1554 1848 evenit

226 1871 305 1903 dum
326 1883 422 1914 supra
442 1871 610 1915 ligaturam
632 1879 802 1916 puncturae
826 1873 1058 1913 instituuntur,
1083 1878 1163 1903 tunc
1182 1871 1268 1902 enim
1292 1869 1409 1901 animal
1433 1869 1554 1901 dolores

227 1925 299 1968 plus
320 1925 466 1957 minusve
486 1926 625 1957 intensos
643 1927 777 1969 patitur.

227 2007 1540 2019 ψ*-

287 2049 329 2079 (ι)
346 2049 402 2071 Loc.
421 2049 465 2072 cit.
