1809 2469
926 240 1042 282 (60)

322 319 424 349 visum
442 322 488 348 est
507 317 540 347 in
560 321 697 358 utroque
719 325 848 357 corpore
870 314 1064 345 Antheram
1084 315 1211 356 proprie
1230 315 1274 346 sic
1295 315 1411 348 dictam
1435 323 1468 349 et
1494 318 1640 350 Andro-

315 371 457 411 phorum
476 369 527 401 vel
548 369 746 400 filamentum
768 369 912 399 existere.

365 422 468 466 Hujus
489 422 681 453 confusionis
702 432 826 452 causam
853 421 1045 463 ignoramus.
1073 420 1138 452 Cel.
1160 421 1312 453 Richard
1335 423 1495 455 filamento
1515 424 1555 455 de
1577 436 1641 468 quo

322 477 419 508 locuti
442 477 562 507 fuimus
587 476 779 506 Caudiculoe
799 485 914 505 nomen
936 473 1058 504 tribuit.

365 531 401 561 In
428 530 567 561 antheris
596 529 785 560 considerari
817 527 934 559 debent
961 526 1069 569 (Tala.
1097 527 1148 557 V.
1168 528 1236 570 fig.
1264 530 1316 559 10.
1340 529 1380 571 e)
1419 531 1464 561 10.
1491 530 1640 570 insertio,

322 586 369 615 2⁰.
392 585 486 623 situs,
513 585 555 615 30.
578 589 747 614 structura.

366 651 394 671 α,
418 638 562 668 Insertio
588 637 758 667 staminum
779 634 1022 666 Orchidaearum
1046 639 1149 676 potest
1171 644 1236 665 esse
1260 635 1435 672 continua,
1463 636 1640 677 stipitata,

322 691 465 721 sessilis.
489 691 525 720 In
550 689 689 720 Orchide
714 688 847 719 latifolia
872 687 1056 719 observatur
1076 688 1204 717 insertio
1227 688 1376 719 continua
1403 699 1474 730 quae
1496 690 1641 731 sequenti

323 743 414 773 modo
435 754 452 773 a
473 741 685 773 Celeberrimo
705 741 855 772 Richard
877 741 1086 772 determinata
1110 740 1183 771 suit.
1212 741 1249 770 L.
1270 739 1292 771 l.
1315 752 1347 782 p.
1370 741 1422 772 33.

365 807 383 825 ((
400 794 536 825 Dorsalis
551 795 695 825 materies
714 794 725 835 (
742 794 821 824 Tab.
840 794 891 825 V.
903 794 971 836 fig.
989 795 1040 824 10.
1057 793 1094 835 e)
1112 793 1309 836 Gynostemii
1326 793 1541 824 indesinenter
1565 805 1642 825 con-

323 849 468 879 tinuatur
493 848 526 879 in
549 848 714 878 materiem
737 846 855 878 loculos
880 847 960 889 (fig.
984 849 1036 877 10.
1058 846 1119 888 cb)
1143 845 1292 877 discretos
1317 852 1575 887 connectentem3
1599 848 1642 878 ita

323 908 360 933 ut
380 902 419 932 ad
439 902 608 944 posteriora
632 901 825 943 principium
852 900 1002 931 Antherae
1026 911 1044 930 a
1069 904 1181 930 caetero
1204 898 1409 942 Gynostemio
1430 911 1495 931 non
1514 905 1570 931 aut
1589 901 1643 932 vix

323 954 417 986 detur
427 955 617 987 discernere:
633 955 760 996 signum
775 953 835 984 hoc
850 953 1019 984 Antherae
1030 953 1195 983 continua>
1208 951 1318 994 plura,
1335 952 1482 985 Orchidae
1496 953 1642 996 praeside‚

325 1013 476 1039 convocat
503 1005 649 1049 genera.’⁷

368 1061 401 1102 β.
426 1061 500 1090 Sita
527 1059 589 1090 dici
609 1065 711 1101 potest
731 1058 861 1089 anthera
884 1058 1013 1100 postica.

367 1126 401 1156 vy,
424 1114 616 1143 Directione
634 1118 753 1151 erecta,
775 1110 825 1143 vel
840 1111 1034 1153 gynostemio
1052 1110 1141 1141 dorso
1158 1110 1313 1150 insidens,
1334 1110 1419 1142 illius
1440 1117 1644 1144 curvaturam

327 1178 472 1209 sequens.

370 1219 395 1253 ὃ.
420 1219 661 1261 Lotzgz'tucline,
686 1218 881 1260 gynostemio
898 1216 1038 1258 longior,
1059 1226 1133 1246 nam
1153 1215 1165 1258 (
1167 1215 1233 1258 fig.
1251 1215 1283 1247 9.
1301 1215 1342 1254 d,-
1369 1215 1450 1246 Tab.
1472 1216 1548 1258 V.)
1562 1216 1646 1248 infra

327 1273 431 1304 adhuc
455 1272 637 1303 extenditur
658 1270 834 1302 caudicula.

372 1337 392 1359 ε,
417 1325 599 1356 Stmctm-d.
616 1323 765 1354 Riclmrd
774 1323 890 1354 dicitur
904 1322 1047 1354 omnium
1061 1321 1300 1352 Orchidaearum
1312 1321 1443 1353 anthera
1454 1321 1644 1353 biloquaris.

328 1379 423 1419 Quod
441 1390 480 1410 ex
501 1390 537 1409 eo
558 1379 682 1409 eruitur
702 1377 787 1420 quod
811 1389 867 1420 pro
886 1376 980 1408 unic&
1003 1382 1127 1408 tantum
1149 1375 1281 1406 anthera
1304 1374 1400 1406 habet
1423 1386 1552 1417 corpora
1575 1386 1647 1418 quae

329 1433 439 1465 reverit
460 1432 564 1462 forsan
586 1431 650 1462 duo
670 1432 802 1461 stamina
824 1435 1030 1473 componunt.

374 1488 400 1528 ζ.
429 1486 540 1517 Colore
569 1485 662 1517 viridi
689 1484 868 1515 obscuriore
890 1484 994 1515 colore
1019 1489 1066 1514 est
1087 1482 1235 1521 anthera,
1261 1482 1316 1524 qui
1342 1481 1426 1512 color
1447 1487 1590 1513 mutatur
1613 1481 1647 1512 in

329 1539 461 1571 rubrum
484 1539 606 1570 actione
626 1537 706 1569 acidi
729 1538 850 1577 nitrici⁷
872 1538 906 1568 in
924 1536 1032 1568 album
1052 1541 1159 1567 autem
1182 1535 1305 1566 actione
1326 1534 1484 1565 alcoholis.

875 1640 898 1683 g
942 1640 1105 1671 Lxxvn.

825 1728 877 1758 DE
922 1726 1149 1757 CAUDICULA.

375 1823 422 1851 2⁰.
449 1820 620 1852 Caudicula
640 1826 686 1851 est
715 1831 733 1850 ((
752 1832 911 1863 processus
933 1819 1195 1851 filamentiforrnis
1216 1817 1334 1849 solidus
1357 1816 1529 1848 Massarum
1554 1815 1649 1858 polli-

329 1873 493 1905 nicarum''
522 1873 634 1915 (Rich.
656 1873 678 1903 l.
699 1872 720 1904 l.
745 1885 775 1915 p.
798 1873 862 1916 26)
890 1873 985 1915 (Vid.
1016 1873 1096 1903 Tab.
1121 1873 1172 1904 V.
1187 1872 1256 1914 fig.
1276 1871 1328 1902 16.
1350 1870 1486 1913 ccl;fig.
1514 1871 1566 1903 17.
1588 1870 1649 1908 cd,-

321 1928 388 1970 fig.
411 1928 462 1958 18.
487 1926 624 1969 cb5fig.
645 1927 696 1958 19.
718 1927 787 1968 eb).

376 1995 403 2014 α,
428 1981 573 2011 Numero
594 1980 724 2011 cuilibet
742 1980 880 2012 antherae
895 1980 1000 2011 loculo
1015 1986 1061 2011 est
1076 1977 1256 2010 caudicula:
1279 1988 1354 2020 ergo
1374 1976 1445 2008 duae
1460 1975 1646 2007 caudiculae.

374 2034 407 2075 β.
432 2034 605 2064 Positione
628 2033 678 2066 vel
706 2034 881 2065 insertione
905 2044 962 2077 per
986 2039 1108 2076 partem
1135 2031 1317 2063 inferiorem
1342 2029 1519 2061 loculorum
1544 2028 1577 2060 id
1601 2034 1647 2060 est
