1809 2469
812 203 904 247 (7)

238 293 285 324 Ut
310 298 419 324 autem
445 293 544 323 oratio
567 297 672 323 nostra
696 300 734 321 eo
753 289 878 329 redeat,
903 289 991 321 unde
1013 290 1150 334 digressa
1170 298 1236 332 cst,
1261 293 1358 325 istum
1380 306 1520 327 amorem

194 356 415 396 Platonicum,
447 355 592 387 scientias
617 353 866 396 amplectentem
890 359 928 385 ut
954 353 1037 384 bona
1062 365 1120 397 per
1142 366 1174 386 se
1199 356 1398 398 expetenda,
1432 360 1522 400 quasi

195 419 356 463 quendam
376 417 583 451 humanitatis
603 415 729 455 cibum,
754 415 843 446 nulla
864 415 916 447 vel
934 416 1108 458 indigentia
1129 418 1359 461 compellente,
1385 419 1437 451 vel
1455 421 1522 451 uti—

194 482 283 514 litate
315 482 492 519 alliciente,
529 479 644 510 nostris
672 477 845 522 juvenibus
872 483 938 509 tam
964 478 1092 520 deesse,
1125 491 1222 523 quam
1248 482 1334 525 quod
1364 484 1521 523 maxime,

198 544 344 577 decennii
364 542 513 573 transacti
533 553 595 573 usu
615 542 753 573 convicti
773 542 950 573 asserimus.

284 607 352 646 Qui
377 606 508 649 quidem
531 617 609 637 usus
631 605 700 637 haec
724 605 850 636 docuit:

239 669 265 700 I.
294 669 460 712 Plerisque
486 680 613 708 eorum,
638 669 695 711 qui
719 667 759 699 ad
779 667 974 700 academiam
995 669 1163 711 accedant,
1189 681 1255 702 non
1274 671 1308 703 id
1326 672 1525 715 propositum

195 744 278 772 esse,
301 739 340 764 ut
358 732 465 764 cibum
481 732 688 764 humanitatis
705 732 871 775 colligant,
892 744 958 775 quo
975 744 1033 775 per
1051 733 1214 776 reliquum
1235 745 1341 767 aevum
1361 735 1524 776 fruantur,

194 796 251 828 sed
270 797 378 839 potius
394 796 444 836 id,
468 802 507 827 ut
528 796 630 827 media
651 795 710 826 sibi
731 801 932 838 comparent,
953 795 1086 838 quibUS,
1115 796 1205 827 finito
1225 797 1387 828 curriculo
1411 798 1525 829 acade-

195 860 295 899 mico,
318 859 370 890 vel
390 860 512 891 victum
533 859 584 891 vel
607 859 736 890 lucrum
758 869 902 901 quaerere
923 858 1055 900 possint.

238 923 279 952 H.
309 922 483 964 Plerosque
503 934 521 952 a
542 921 626 953 ludis
650 921 797 952 literariis
834 920 873 951 ad
901 920 1095 951 academiam
1120 921 1245 952 avolare
1268 922 1526 965 imparatissimos

195 985 235 1016 ab
255 984 404 1016 omnihus
424 986 479 1024 iis,
505 984 623 1027 quibus
645 996 725 1027 opus
745 990 841 1024 esset,
867 989 905 1015 ut
924 983 1075 1014 lectiones
1103 983 1297 1015 academicas
1318 996 1392 1016 cum
1413 985 1526 1017 fructu

195 1048 286 1091 sequi
307 1053 449 1091 possent,
475 1047 561 1091 quod
584 1047 715 1090 quidem
741 1048 856 1090 saepius
879 1046 1013 1087 scholis,
1042 1058 1139 1090 quam
1160 1047 1317 1088 alumnis,
1346 1049 1424 1080 vitio
1451 1060 1527 1081 ver-

194 1110 330 1142 tendum
352 1121 436 1149 esse,
460 1109 609 1141 lubentes
631 1110 828 1153 agnocimus.

239 1173 294 1203 III.
322 1173 496 1214 Plerosque
514 1184 648 1211 eorum,
674 1174 730 1215 qui
753 1173 813 1205 sub
836 1173 897 1204 hac
922 1173 1018 1204 classe
1041 1173 1379 1216 comprehenduntur,
1403 1175 1524 1214 ventri,

196 1246 322 1274 somno,
342 1234 481 1274 lusibus,
500 1234 627 1266 libidini
644 1235 765 1267 deditos
782 1247 840 1279 per
855 1248 985 1268 cursum
1001 1237 1075 1269 vitae
1093 1237 1280 1269 academicae
1298 1238 1401 1269 veluti
1425 1237 1528 1269 ebrios

197 1303 254 1328 aut
278 1307 336 1339 per
364 1297 516 1329 vorticem
549 1302 635 1327 actos
663 1296 784 1339 abripi,
817 1303 850 1328 et
879 1308 920 1328 ex
944 1309 982 1328 eo
1007 1300 1108 1342 magis
1136 1299 1279 1331 indoctos
1303 1301 1526 1344 incultosque,

196 1371 294 1403 quam
316 1360 449 1402 ingressi
470 1360 616 1399 fuerant,
642 1359 814 1391 discedere.
840 1360 995 1403 Exempla
1018 1360 1116 1404 hujus
1140 1362 1265 1404 generis
1289 1362 1419 1403 afferre,
1445 1374 1529 1405 quo-

197 1423 285 1455 niam
307 1429 384 1454 sunt
404 1422 526 1463 odiosa,
549 1422 754 1455 abstinemus.

242 1486 298 1517 IV.
327 1487 432 1518 Etiam
462 1498 594 1526 eorum,
622 1488 678 1529 qui
699 1488 780 1518 serio
802 1487 890 1530 apud
918 1498 951 1518 se
978 1488 1202 1519 constituerint
1223 1488 1314 1519 annis
1342 1488 1529 1521 academicis

197 1549 282 1580 bene
303 1549 369 1588 uti,
390 1549 552 1592 plerisque
569 1549 650 1581 nihi]
672 1550 772 1592 magis
792 1561 879 1581 curae
894 1550 1047 1593 cordique
1061 1561 1143 1590 esse,
1159 1562 1256 1594 quam
1273 1557 1311 1582 ut
1329 1552 1528 1584 curriculum

198 1612 434 1651 academicum,
464 1618 622 1655 quantum
651 1612 720 1657 ejus
744 1614 814 1645 fieri
836 1614 949 1656 possit,
983 1615 1018 1645 in
1044 1620 1170 1646 arctum
1195 1615 1400 1655 contrahant,
1429 1615 1526 1655 adeo,

199 1682 236 1707 ut
259 1676 332 1715 vix,
359 1677 529 1719 quisquam
551 1677 755 1718 inveniatur,
782 1678 855 1721 qui,
883 1678 971 1710 nulla
1000 1679 1071 1722 lege
1098 1685 1249 1722 cogente,
1277 1679 1391 1710 scholis
1415 1680 1528 1710 nostris

199 1739 283 1771 ultra
309 1739 432 1771 biennii
463 1741 602 1783 spatium
626 1742 779 1773 interesse
807 1742 897 1774 velit,
929 1742 996 1773 Hoc
1021 1742 1150 1773 consilio
1179 1748 1268 1773 tanta
1292 1753 1359 1773 sese
1387 1742 1528 1774 obruunt

200 1851 323 1881 operario,
343 1852 384 1882 qui
398 1852 544 1875 lectionibus
558 1853 662 1882 publicis
676 1854 740 1876 Cl'ar.
758 1854 901 1878 Professoris
917 1855 1034 1878 Lemaire
1050 1855 1079 1878 d'e
1090 1855 1227 1878 Geometri‘a
1244 1859 1268 1878 et
1281 1854 1422 1878 Mechnnica
1438 1853 1529 1877 artibus

200 1890 321 1921 applicata
339 1899 380 1922 per
395 1892 494 1923 aliquod
512 1897 605 1923 tempus
622 1893 777 1923 interfuerat,
796 1894 928 1918 secundum
943 1900 1044 1926 typum,
1061 1903 1108 1918 suae
1123 1895 1306 1926 imaginationis
1323 1895 1348 1918 vi
1360 1895 1528 1922 efformatum,

200 1931 235 1953 it’a
249 1930 397 1960 fabrefacta,
413 1936 441 1954 ut
459 1932 527 1955 dubii
544 1932 689 1962 haereamus,
711 1935 898 1958 constructionis
913 1934 1094 1965 simplicitatem
1112 1942 1143 1958 au
1161 1934 1317 1966 sagacitatem
1332 1934 1408 1965 magis
1425 1933 1529 1956 admire—

200 1977 263 1993 mur.
287 1971 323 1994 De
340 1971 386 1994 hoc
402 1976 482 1994 autem
499 1972 596 1995 nullum
612 1973 682 1996 nobis
701 1974 848 2004 relinquitur
864 1975 982 2004 dubium,
997 1975 1062 2005 quod
1079 1975 1119 1998 hic
1140 1979 1222 2002 sutor,
1238 1974 1270 1997 ad
1285 1973 1419 1997 subtilioris
1436 1973 1529 1997 mecha—

200 2017 261 2033 nicae
276 2011 417 2034 exercitium
437 2012 467 2034 ab
480 2012 531 2042 ipsa
548 2017 636 2035 natura
654 2013 800 2043 conductus,
820 2015 945 2045 omnium,
964 2015 1007 2046 qui
1024 2023 1132 2046 unquam
1147 2015 1310 2045 exstiterunt,
1328 2019 1438 2038 sutorum
1455 2015 1528 2044 longe

199 2050 387 2075 liberalissimus
405 2052 574 2083 praedicandus
590 2053 631 2076 sit.
648 2054 743 2078 Nomen
762 2056 803 2079 illi
816 2061 866 2080 est:
886 2057 1028 2080 Ludosticus
1047 2056 1169 2079 Mar-isat..
