1809 2469
815 243 929 286 (69)

641 402 804 434 CAPUT
848 401 1093 433 DECIMUM.

224 518 481 549 TERMINATIO
522 516 754 547 NERVORUM
795 516 888 547 SIVE
928 515 1189 544 EXTREMITAS
1229 516 1520 544 PERIPHERIGA.

247 627 368 659 Omnes
388 627 480 659 nervi
502 626 789 670 cerebro-spinales
810 631 881 669 post
900 626 1143 658 ramificationes
1167 626 1241 670 plus
1262 627 1368 657 minus
1386 636 1542 657 numero—

202 692 263 721 saS,
285 682 502 713 terminantur
525 682 559 712 in
581 681 812 723 integumentis
831 680 1073 720 communibus,
1095 681 1129 710 in
1150 680 1276 723 organis
1295 691 1447 711 sensuum
1469 690 1543 721 spe—

203 734 348 775 cialium,
372 745 444 778 quae
464 735 571 766 omnia
590 734 630 766 ab
648 734 735 765 hisce
756 733 956 777 dependent3
972 734 1007 764 in
1022 733 1176 765 musculis
1190 734 1346 773 externis3
1367 734 1400 764 in
1420 733 1542 764 arteriis

202 790 343 831 partium
366 788 524 820 voluntati
545 787 791 828 submissarum,
812 794 891 828 etot,
912 794 974 819 etc.
1003 788 1052 819 Ad
1074 789 1331 819 terminationem
1354 798 1443 818 suam
1465 786 1543 818 dum

202 848 422 885 pervenerunt
446 842 607 874 filamenta
630 854 764 882 nervea,
789 843 931 884 tunicam
952 853 1042 873 suam
1064 842 1131 872 sive
1157 841 1335 873 neurilema
1361 846 1487 872 exuunt
1512 845 1543 870 et

202 896 372 927 manifesto
395 896 627 928 intumescunt.
657 896 732 927 Haec
757 903 831 928 sunt
857 897 963 927 omnia
988 907 1063 939 quae
1085 895 1124 926 de
1147 895 1207 926 hac
1232 906 1266 926 re
1294 900 1542 937 cognoscuntur.

202 948 290 980 Inter
321 950 533 988 anatomicos,
568 950 624 992 qui
657 949 741 981 hanc
766 960 835 981 rem
860 950 989 993 penitus
1015 960 1204 992 cognoscere
1233 949 1338 979 conati
1365 954 1460 986 sunt,
1491 947 1544 978 alii

201 1001 383 1041 finxerunt,
404 1002 459 1032 sed
482 1008 568 1032 certe
588 1013 757 1043 nunquam
777 1003 943 1041 viderunt,
960 1014 1097 1035 nervum
1117 1002 1319 1044 aliquomodo
1338 1012 1404 1033 sese
1420 1000 1544 1032 diffun-

201 1054 332 1086 dentem
353 1055 387 1085 in
412 1054 511 1097 ipsam
535 1065 729 1096 organorum
752 1053 972 1086 substantiam.

246 1108 368 1146 Dumas
391 1112 424 1137 et
445 1107 577 1137 Prevost
601 1118 661 1149 ope
683 1108 882 1150 microseopii
904 1107 1151 1140 ramificationes
1172 1107 1325 1139 fibrarum
1351 1118 1545 1141 nervearum

201 1162 237 1192 in
266 1160 334 1204 ipsa
364 1171 557 1204 organorum
582 1160 711 1192 textura
736 1161 898 1204 prosecuti
920 1166 1015 1200 sunt,
1049 1167 1145 1203 atque
1171 1162 1231 1204 ipsi
1255 1167 1430 1200 testantur,
1458 1161 1545 1203 quod

201 1225 310 1258 neque
330 1213 573 1246 confundantur
593 1225 700 1256 neque
721 1215 926 1258 explicentur
947 1216 984 1245 in
1004 1214 1174 1254 musculis,
1196 1215 1250 1246 sed
1271 1215 1357 1258 quod
1378 1215 1422 1246 ibi
1448 1216 1545 1247 effor—

202 1274 293 1301 ment
312 1267 473 1307 ansulam,
496 1278 568 1310 quae
586 1278 626 1299 ex
641 1279 707 1299 uno
725 1268 765 1299 ad
783 1268 920 1299 alterum
936 1268 1095 1310 procedit,
1116 1269 1160 1299 ita
1181 1274 1219 1299 ut
1234 1274 1415 1299 revertatur
1436 1279 1545 1300 versus

203 1321 372 1354 cerebrum
394 1327 563 1364 postquam
589 1321 774 1352 musculum
800 1322 1026 1364 per-meaverit.
1062 1321 1227 1353 Sententia
1253 1322 1441 1353 eorumdem
1466 1334 1546 1353 auc—

202 1381 330 1416 torum,
357 1374 510 1418 quodque
539 1374 740 1407 filamentum
767 1386 926 1407 nerveum
953 1375 993 1406 ad
1018 1381 1143 1418 partem
1172 1376 1365 1406 anteriorem
1395 1375 1544 1407 medullae

203 1429 440 1460 extremitatem
469 1427 608 1470 possidet
631 1439 742 1460 versus
767 1428 952 1459 musculum
978 1428 1151 1471 quemdam
1176 1428 1440 1469 descendentem,
1472 1440 1545 1472 quae

203 1489 327 1526 partem
352 1483 452 1525 ipsius
476 1481 584 1512 trunci
606 1482 716 1514 nervei
740 1483 923 1521 constituit,
949 1482 1066 1513 deinde
1089 1482 1199 1525 plures
1222 1482 1328 1514 adhuc
1353 1482 1446 1513 fibras
1468 1493 1544 1525 per—

204 1543 305 1577 meat,
327 1542 360 1568 et
379 1536 506 1567 tandem
530 1535 570 1566 ad
589 1541 713 1579 partem
734 1537 942 1579 posteriorem
967 1536 1117 1569 medullae
1138 1535 1257 1576 tendit,
1279 1536 1366 1568 unde
1387 1536 1426 1567 ad
1449 1542 1545 1567 trun-

205 1601 281 1621 cum
304 1599 461 1622 nerveum
482 1588 664 1631 regreditur
685 1589 742 1632 (1).

265 1702 299 1732 (ι)
316 1701 428 1733 Physiol.
447 1701 476 1726 de
492 1702 634 1734 Magendie‚
652 1702 670 1725 l.
690 1710 710 1725 ι.
726 1710 781 1735 pag.
799 1711 851 1734 ²²9·
871 1703 939 1728 Puris
958 1704 1023 1726 1825.
