1809 2469
180 276 341 307 Smitlzius
368 287 442 307 vero
468 275 590 306 disertis
616 273 723 305 verbis>
743 273 836 304 dicit:
863 273 911 315 (a)

181 339 200 359 1)
215 328 391 359 Fatendum
415 334 476 367 est,
502 327 664 359 ,Iacobum
694 326 904 368 Gregorium,
931 325 1205 368 Abredommsem,
1232 331 1371 371 primum
1390 343 1455 363 esse

137 382 368 412 »inventorem
399 381 558 422 telescopii
595 379 803 418 reflectentis,
837 381 1071 412 constructione
1099 381 1117 412 ἐι
1143 382 1362 414 Newtoniano
1393 391 1456 416 toto

136 445 155 464 >³
171 434 255 465 coelo
281 434 412 472 diversi,
438 444 544 475 neque
567 432 696 462 omnino
721 432 830 462 eadem
857 433 1020 464 commoda
1045 434 1237 465 offerentis.'⁷

178 487 326 529 Denique
357 487 485 517 maximi
514 491 599 516 certe
622 486 654 515 iu
678 485 738 516 1130
766 496 801 516 re
823 489 974 518 momenti
995 493 1041 518 est
1067 489 1282 520 testimonium
1308 491 1456 521 Davidis

141 540 309 582 Gregorii,
346 539 454 570 Jacobi
476 550 494 570 e
517 539 614 569 fratre
635 540 775 581 nepotiS,
804 539 887 570 hanc
906 542 1095 571 sententiam
1115 547 1224 583 aperte
1245 549 1340 585 alque
1364 544 1456 586 inge—

134 602 199 623 nue
219 592 411 634 profitentis:
427 591 474 633 (b)
498 602 517 622 ))
529 591 610 623 Cum
632 592 776 634 specula,
798 598 908 638 utpote
930 605 1059 636 corpora
1081 606 1194 636 opaca,
1216 596 1296 627 circa
1317 597 1455 628 eundem

135 655 154 675 »
169 656 243 675 cum
268 644 407 676 lentibus
428 656 519 676 axem
542 645 710 677 consistere
729 653 907 688 nequeant,
933 646 1051 689 absque
1074 648 1288 690 perforatione
1310 650 1457 692 speculo-

134 708 153 727 »
168 709 240 728 rum
264 697 302 727 ad
321 698 470 729 verticem
487 704 520 738 et
535 698 694 730 radiorum
715 711 815 741 prope
839 701 978 731 eundem
998 701 1207 733 incidentium
1232 708 1264 733 et
1284 704 1456 734 accuratis-

134 761 153 780 1)
168 751 245 781 sime
259 751 450 782 reflexorum
467 751 663 793 irreparabili
682 751 802 794 jactura
813 776 821 791 ‚
840 763 878 783 ex
895 753 1018 784 duabus
1032 753 1118 784 hisce
1133 756 1233 785 causis
1249 761 1332 794 orta,
1349 756 1456 787 licebit

134 804 234 833 »axis
256 803 442 845 positionem
465 815 522 846 pro
542 803 670 835 arbitrio
694 811 833 844 mutare,
856 806 932 848 (per
953 806 1023 837 Cor.
1047 808 1075 837 1.
1098 808 1193 850 Prop.
1219 809 1282 850 ΙΙ.)
1303 820 1361 851 ope
1382 821 1456 852 spe-

134 865 152 885 »
168 855 232 886 culi
252 855 354 896 plani3
389 861 486 898 atque
509 856 569 886 hoc
592 856 685 887 modo
708 857 847 899 (praeter
869 858 928 888 alia
951 859 1131 898 commoda,
1167 860 1283 902 quibus
1308 862 1351 892 sic
1379 874 1455 904 pro—-

133 907 319 949 ))spicitu1·)
345 908 564 948 perforationis
586 910 802 940 necessitatem
824 922 951 952 prorsus
973 911 1104 951 tollere,
1131 912 1285 955 jacturam
1302 925 1376 945 vero
1401 927 1454 946 ra-

132 969 151 988 »
166 958 289 989 diorum
309 970 409 1001 prope
432 970 523 990 axem
545 960 754 991 incidentium
775 961 814 991 ab
835 964 989 1004 opacitate
1014 970 1133 1004 ortam,
1157 977 1215 1007 per
1232 967 1363 998 secundi
1381 979 1453 1010 spe-

131 1021 150 1040 ))
166 1010 231 1042 culi
252 1011 471 1053 obliquitatem
488 1012 627 1043 multum
646 1013 841 1054 diminuere,
863 1015 949 1057 quod
969 1028 986 1047 a
1006 1018 1273 1060 perspicacissimo
1292 1020 1454 1052 N‘ewtono

130 1074 149 1093 ))
164 1063 197 1093 111
217 1074 273 1094 suo
295 1063 465 1107 telescopio
488 1065 711 1108 catadioptrico
733 1067 854 1098 factum
880 1068 957 1099 est.''

172 1116 269 1147 Recte
294 1117 393 1159 igitur
418 1124 513 1159 atque
538 1129 612 1149 vere
632 1119 814 1150 Newtonus
834 1120 896 1151 dici
919 1128 1021 1163 potest
1043 1124 1225 1155 emendasse
1245 1125 1453 1169 telescopium

133 1169 303 1211 Gregorii,
327 1171 513 1213 neutiquam
536 1182 610 1202 vero
631 1173 777 1204 vicissim.
803 1174 844 1204 Et
863 1174 940 1205 huic
965 1177 1128 1208 sententiae
1151 1179 1306 1209 contraria
1325 1182 1452 1211 assertio

128 1222 249 1252 nemini
270 1228 356 1253 certe
378 1224 476 1265 magis
497 1226 651 1256 contraria
672 1237 737 1257 esse
758 1233 876 1269 posset,
897 1239 991 1270 quam
1017 1230 1115 1272 ipsius
1139 1231 1291 1274 Gregorii
1306 1234 1451 1276 ingenio,

129 1273 236 1316 cujus,
254 1281 365 1316 utpote
387 1277 452 1307 veri
468 1277 663 1319 philosophi,
681 1279 726 1320 (a
745 1285 816 1310 trae
832 1281 1072 1324 Philo-sopher)
1092 1288 1178 1314 tanta
1195 1290 1263 1314 erat
1279 1285 1452 1317 moderatio

128 1331 224 1368 atque
245 1326 413 1367 modestia,
433 1334 470 1358 ut
490 1329 600 1360 eodem
617 1341 700 1361 anno
720 1332 860 1375 (1672),
878 1345 941 1375 quo
961 1334 1219 1377 disceptationem
1235 1337 1274 1368 de
1291 1338 1452 1382 telescopii

127 1379 343 1422 catadioptrici
364 1383 598 1413 constructione
614 1394 688 1414 cum
705 1395 829 1415 summo
849 1386 1010 1417 Newtono
1027 1395 1223 1430 susceperat,
1241 1401 1312 1432 quae
1329 1393 1450 1424 ratione

127 1432 265 1463 maxime
288 1432 412 1464 decenti
437 1440 469 1465 et
489 1441 627 1478 utroque
646 1436 841 1480 litigantium
857 1439 950 1482 digna
972 1447 1004 1471 et
1023 1447 1108 1483 gesta
1129 1448 1161 1473 et
1181 1444 1347 1475 terminata
1367 1445 1449 1485 fuit,

127 1486 428 1517 commentationem
460 1488 595 1519 ediderit
629 1491 831 1533 inscriptam:
881 1493 947 1523 Tyle
972 1500 1072 1536 great
1099 1497 1178 1526 Art
1213 1496 1254 1538 of
1280 1498 1451 1541 weiglzing

129 1537 176 1568 V
172 1539 267 1579 αηὶζγ
288 1539 342 1580 (c).

169 1609 210 1639 V.
235 1610 455 1652 Telescopium
469 1613 784 1656 Cassegrainianum
797 1617 906 1648 eodem
923 1630 1005 1649 311110
1016 1619 1143 1661 (1672),
1160 1632 1223 1663 quo
1234 1622 1449 1654 Nervloniani

127 1660 294 1703 descriptio
319 1663 462 1694 Londino
487 1665 646 1697 Lutetiam
671 1668 862 1700 Parisiorum
889 1670 926 1701 ad
951 1672 1169 1714 Hagenium,
1197 1680 1274 1704 tuuc
1299 1677 1447 1718 temporis

126 1713 171 1744 i'bi
190 1714 378 1757 degentem,
407 1719 583 1749 transmissa
607 1720 726 1761 suerat,
753 1722 869 1754 ibidem
902 1724 1100 1767 divulgatum
1126 1733 1181 1758 est.
1212 1728 1444 1761 Adumbratum

134 1788 1440 1809 Ἣ

171 1828 205 1856 (a)
222 1829 248 1850 It
265 1833 328 1851 must
342 1829 370 1851 he
385 1831 586 1862 nckaowledged,
606 1833 659 1856 that
675 1836 711 1856 M.
729 1835 806 1858 James
824 1836 931 1867 Gregory
949 1838 983 1866 of
991 1839 1119 1862 Aha-doen
1138 1849 1188 1863 usas
1210 1841 1249 1863 tlte
1260 1842 1319 1870 first
1335 1844 1447 1866 Inventor

126 1866 160 1895 os
170 1866 210 1889 the
227 1867 355 1898 reflecting
372 1870 505 1900 telescop235
526 1871 569 1894 but
582 1872 619 1895 his
637 1876 800 1898 construction
818 1877 839 1898 is
858 1878 923 1905 quite
940 1878 1054 1906 dzfferent
1075 1879 1140 1907 from
1158 1881 1200 1902 Sir
1220 1882 1285 1904 Isaac
1304 1882 1442 1909 Newton's,

126 1905 177 1928 and
191 1910 234 1928 not
247 1908 331 1936 nearly
345 1915 371 1929 so
388 1910 577 1940 admntageous.
595 1913 716 1943 complete
731 1915 823 1945 System
840 1916 869 1939 os
881 1917 979 1946 Quies,
997 1918 1115 1942 Remarks
1131 1928 1195 1949 upon
1208 1921 1261 1944 Art.
1280 1923 1315 1944 24,
1339 1923 1363 1945 Β.
1382 1925 1426 1947 ΙΙΙ.

171 1945 216 1974 (b)
232 1946 374 1976 Camptricae
389 1953 412 1971 et
431 1949 561 1980 Dioptricae
581 1953 701 1982 sphaericae
718 1954 851 1978 Elementa.
869 1957 988 1985 Londini,
1008 1959 1079 1988 1695,
1105 1967 1128 1989 p.
1150 1962 1186 1989 9⁴8.

171 1985 212 2013 (c)
229 1986 373 2016 Biographia
391 1987 560 2019 Philosophica
580 1992 612 2021 by
634 1994 660 2016 B.
678 1996 780 2019 Martia.
798 1996 914 2026 London,
935 1998 1003 2027 1764,
1025 2006 1047 2028 p.
1067 2000 1118 2022 551.

1124 2041 1141 2070 7
