1809 2469
766 217 879 260 (67)

152 292 250 324 loculi
271 292 409 324 veniunt
432 291 443 334 (
461 282 542 323 Tali.
565 292 640 323 VI.
653 291 720 334 fig.
742 291 778 328 3,
800 291 820 330 4
839 296 872 320 et
890 290 919 321 5.
934 290 955 331 ).
982 290 1060 321 Tres
1083 290 1178 321 series
1202 292 1361 324 seminum
1381 292 1489 324 obser-

153 351 269 378 vantur
286 351 319 377 et
336 346 394 376 tria
412 345 603 388 placentaria
620 344 722 386 (chb.
738 343 891 386 VLfig.
911 345 962 377 17.
979 362 1022 368 —
1042 344 1124 374 Tab.
1141 344 1293 387 VLfig.
1311 347 1342 386 4.
1361 347 1401 388 h)
1417 359 1488 389 quae

153 410 270 442 organa
287 400 393 429 omnia
419 399 649 429 contorsionem
671 397 710 427 de
728 397 790 439 qua
811 397 910 428 locuti
931 397 1070 436 fuimus,
1091 396 1231 429 subeunt
1252 398 1346 440 (Vid.
1369 400 1384 441 ᾗ
1403 401 1487 442 66.)

198 453 279 483 Vasa
300 459 333 484 et
358 453 495 483 tracheae
517 463 588 494 quae
611 452 755 482 ovarium
778 457 989 494 percurrunt,
1017 457 1206 492 separantur
1235 453 1269 482 in
1294 452 1403 494 plures
1425 453 1490 484 fas·-

154 506 290 545 ciculos‚
317 506 360 536 ita
382 511 419 537 ut
440 516 478 536 ex
504 505 552 535 his
574 505 730 536 nonnulla
749 516 807 548 per
828 506 964 548 parietes
986 510 1163 545 transeant,
1189 505 1258 536 aliae
1280 516 1298 536 e
1322 512 1430 537 contra
1455 508 1490 538 in

152 559 384 603 placentarium
407 558 634 590 extendantur.

195 614 232 643 In
257 612 346 643 Liliis
375 612 424 654 (1)
451 612 516 643 duo
540 612 685 643 fasciculi
711 611 863 643 tuborum
889 611 923 642 in
951 611 1126 654 parietibus
1148 612 1264 651 ovarii‚
1297 623 1398 655 quum
1430 613 1490 645 hoc

151 666 289 698 liberum
314 672 377 705 est,
402 667 631 705 inveniuntur,
653 672 686 697 et
710 667 845 708 quisque
866 665 1037 696 fasciculus
1059 665 1244 697 extenditur
1265 677 1322 708 per
1344 673 1490 698 suturam

151 720 208 753 ubi
229 720 445 763 pericarpium
473 720 683 762 aperiendum
708 725 764 750 est.
985 762 988 763 γ

196 773 317 804 Eadem
337 774 463 804 criteria
484 773 694 804 observantur
712 773 746 803 in
772 771 912 803 Orchide
933 771 1086 810 latifolia,
1113 771 1149 802 ea
1171 778 1278 803 tamen
1309 772 1490 805 differentia

153 826 238 869 quod
259 826 327 857 loco
348 826 503 865 duorum,
526 833 588 857 tres
609 826 752 858 fasciculi
776 827 983 869 reperiuntur
1005 825 1109 867 (Tab.
1130 826 1205 857 VI.
1223 826 1293 868 fig.
1317 829 1370 860 17.
1393 828 1433 858 cb
1444 829 1466 870 ).

196 878 418 910 Numerantur
440 879 594 922 praeterea
616 886 679 910 tres
705 879 931 910 fasciculorum
957 880 1077 921 species
1101 880 1158 922 qui
1182 880 1339 922 originem
1366 880 1492 912 ducunt

154 943 171 963 a
192 931 388 974 placentario
415 938 448 962 et
472 932 588 963 deinde
609 936 641 962 iu
664 932 779 963 florum
801 933 1032 974 integumentis
1052 933 1284 964 extenduntur.

196 985 272 1015 Tela
293 984 454 1015 cellularis
477 986 510 1015 in
528 985 636 1016 Ovarii
658 985 833 1016 substantia
854 991 885 1016 et
905 985 1124 1029 parenchymo
1143 986 1279 1028 perinde
1297 997 1334 1017 ac
1354 987 1388 1017 in
1408 987 1492 1019 foliis

151 1049 290 1081 quorum
310 1037 449 1069 colorem
472 1038 590 1077 habet,
615 1040 786 1081 reperitur.

691 1123 714 1184 ς
758 1142 959 1174 Lxxxvn.

198 1239 374 1271 Filamenta
397 1241 571 1271 staminum
593 1239 824 1271 nonnullarum
844 1239 1027 1282 plantarum
1048 1240 1087 1271 ad
1109 1246 1257 1272 centrum
1280 1252 1377 1273 suum
1399 1241 1494 1273 exhi-

154 1293 232 1325 bent
256 1305 386 1324 massam
416 1293 619 1324 trachearum
648 1305 718 1336 quae
747 1293 840 1324 modo
864 1304 903 1324 ex
931 1293 1097 1336 placenta,
1125 1294 1218 1325 modo
1245 1306 1283 1325 ex
1313 1296 1495 1338 perianthio

154 1352 260 1378 ortum
283 1346 419 1377 ducunt.
451 1347 489 1377 ln
516 1346 658 1377 Orchide
687 1346 820 1377 latifolia
846 1346 899 1377 illa
924 1348 1058 1377 stamina
1089 1348 1245 1390 originem
1273 1360 1364 1380 suam
1391 1349 1496 1393 Gym-

154 1401 300 1430 nostenio
326 1399 455 1430 debent.
479 1395 687 1432 Structuram
703 1401 876 1430 staminum
898 1399 957 1430 sub
980 1400 1041 1431 alio
1063 1407 1210 1442 respectu
1234 1402 1466 1433 examinemus.

198 1454 330 1485 Jamdiu
364 1453 600 1486 celeberrimus
639 1454 812 1484 Dahamel
849 1453 1019 1484 arbitratus
1051 1459 1119 1484 erat
1149 1460 1320 1497 rupturam
1353 1455 1496 1487 anthera:

155 1504 286 1539 omnino
309 1518 375 1538 esse
396 1508 633 1547 mechanicam,
654 1514 751 1550 atque
771 1509 873 1550 ipsam
894 1507 1102 1550 sequentibus
1126 1509 1228 1539 causis
1249 1508 1372 1540 tribuit.

200 1562 246 1590 1⁰.
273 1560 384 1598 Quum
407 1572 479 1602 pars
494 1560 621 1603 pollinis
638 1560 753 1591 effluxa
772 1567 837 1599 est,
859 1561 1075 1603 aequilibrium
1095 1562 1274 1604 rumpitur:
1294 1562 1370 1593 inde
1386 1564 1496 1606 organi

156 1613 346 1651 vaccillatio.
375 1615 423 1644 2⁰.
445 1614 626 1645 Contractio
642 1615 676 1644 fit
691 1614 892 1645 trachearum
916 1625 974 1657 per
989 1626 1067 1657 quas
1082 1615 1215 1646 anthera
1237 1627 1311 1646 cum
1334 1616 1497 1648 filamento

156 1665 376 1710 conjungitur.
395 1666 462 1698 Cel.
479 1668 611 1699 Mirbel
623 1669 830 1711 posteriorem
852 1668 935 1699 hanc
951 1668 1165 1699 conditionem
1183 1670 1382 1712 sagacissimo
1402 1671 1496 1703 modo

157 1719 340 1762 explicavit.

202 1772 352 1804 Tracheae
374 1784 446 1816 quae
465 1785 554 1805 sacco
573 1775 782 1806 antherarum
799 1776 1020 1816 continentur,
1036 1782 1112 1807 sunt
1130 1788 1201 1808 vasa
1221 1776 1347 1808 elastica
1363 1778 1397 1808 in
1411 1778 1496 1809 heli-

160 1836 230 1856 cem
257 1832 415 1866 contorta,
440 1833 473 1858 et
493 1834 640 1867 extensa,
662 1840 763 1871 quum
791 1828 880 1860 nulla
901 1829 1006 1861 adhuc
1025 1830 1152 1873 pollinis
1173 1830 1287 1874 ejectio
1308 1831 1415 1862 locum
1436 1831 1496 1862 ha-

159 1877 240 1909 buit.
268 1878 329 1909 Sed
358 1880 454 1911 simul
478 1892 515 1912 ac
537 1881 701 1924 egreditur
720 1881 846 1924 pollen,
873 1883 1010 1914 tracheae
1036 1884 1288 1924 contrahuntur,
1318 1895 1389 1927 pars
1408 1885 1496 1916 enim

158 1931 250 1963 fluidi
271 1932 357 1975 quod
376 1935 556 1975 continent,
580 1935 683 1966 effluit
703 1947 779 1967 cum
799 1936 933 1979 pulvere
955 1938 1107 1981 prolifico.
1137 1938 1237 1981 Spirae
1258 1938 1495 1971 contrahuntur

160 1990 192 2015 et
215 1985 347 2017 anthera
376 1987 526 2019 vacillans
552 1990 650 2032 magis
673 1991 827 2033 aperitur.

164 2048 1491 2064 Μ

220 2077 264 2106 (ι)
281 2077 340 2101 Vid.
362 2078 467 2108 Mirbel,
489 2085 556 2104 anat.
576 2081 606 2104 de
620 2082 644 2104 la
662 2082 722 2106 fleur
742 2090 800 2107 anu.
817 2091 880 2107 mut.
897 2092 919 2114 9.
