1809 2469
920 212 1010 254 (4)

311 302 403 340 tiam,
430 299 480 332 vel
505 305 633 343 propter
656 298 868 342 eloquentiam
892 297 1038 330 omnibus
1061 300 1202 331 numeris
1228 300 1417 343 absolutam,
1440 304 1532 348 cujus
1556 311 1630 337 aute

310 365 415 406 ipsum
439 363 567 395 nullum
592 362 754 405 exemplar
775 362 952 402 exstiterat,
977 363 1028 394 vel
1048 369 1177 406 propter
1201 363 1428 397 sublimitatem
1456 359 1630 410 argumen-

312 433 433 466 torum,
457 438 529 469 quae
551 426 709 458 tractanda
730 425 788 456 sibi
811 431 984 464 sumserat,
1005 426 1106 456 omnis
1124 427 1294 469 antiquitas
1315 427 1421 459 divini
1443 431 1629 472 cognomine

312 491 551 529 condecoravit,
588 501 683 532 quem
721 489 831 519 Cicero
866 488 986 530 ingenii
1017 494 1049 519 et
1081 488 1233 521 doctrinae
1267 491 1444 534 principem
1473 499 1504 523 et
1541 495 1630 536 quasi

311 554 470 597 quendam
495 554 599 585 Deum
622 552 881 595 philosophorum
907 552 1046 592 vocavit,
1075 552 1221 594 pluribus
1252 554 1375 586 diverso
1399 561 1541 598 tempore
1572 557 1631 588 he—

311 619 408 657 taeris,
428 617 601 650 venustatis
623 617 705 647 sama
722 615 947 656 celeberrimis,
970 622 1001 647 et
1018 617 1101 647 inter
1121 617 1177 648 has
1191 619 1353 661 praecipue
1369 620 1631 651 Archoecmassa

316 681 518 721 Coloplzonicz
555 680 751 711 familiariter
780 691 857 710 usus
882 685 946 718 est,
972 680 1016 710 ita
1041 680 1172 722 quidem
1200 687 1237 713 ut
1265 688 1296 713 et
1327 683 1359 713 in
1384 683 1444 714 hac
1471 694 1506 714 re
1530 683 1631 717 divini

310 743 441 774 titulum
467 749 622 774 tueretur.
667 742 814 784 Quippe,
840 749 959 773 remota
986 744 1072 774 omni
1099 744 1286 776 diversitatis
1310 757 1403 777 sexus
1425 747 1630 789 cogitatione,

311 811 375 836 tam
398 805 537 836 nobilem
563 806 733 836 amicitiam
764 817 837 836 cum
865 807 930 837 istis
961 806 1108 846 feminis,
1147 808 1244 839 animi
1272 808 1396 840 dotibus
1420 820 1483 840 non
1507 810 1630 850 minus,

311 881 408 912 quam
428 869 547 907 forma,
576 869 820 909 excellentibus,
851 869 967 909 coluit,
996 875 1034 901 ut
1058 870 1091 901 in
1115 871 1291 902 exercendo
1314 873 1518 914 ingeniorum
1543 884 1632 905 com-

311 934 445 973 mercio,
473 934 506 964 in
531 933 801 964 communicandis
821 933 1018 965 sermonibus
1037 940 1069 965 et
1089 935 1122 965 in
1142 935 1361 977 permutandis
1383 936 1498 966 mentis
1518 937 1631 976 sensis,

311 998 463 1037 consiliis,
489 998 642 1036 inventis,
666 997 923 1029 meditationibus
945 998 1039 1029 unice
1061 999 1285 1040 acquiesceret.
1316 998 1411 1030 Unde
1434 999 1554 1030 factum
1570 1005 1630 1038 est,

311 1067 348 1093 ut
373 1073 492 1092 novum
513 1061 598 1092 istud
619 1068 650 1092 et
674 1061 875 1101 inauditum,
906 1063 1067 1105 praecipue
1098 1062 1184 1105 apud
1210 1063 1354 1102 Graecos,
1390 1064 1503 1094 amoris
1532 1074 1632 1106 genus

312 1124 485 1155 Platonici
509 1125 629 1155 amoris
660 1126 788 1155 nomine
812 1126 1029 1168 insigniretur.
1066 1125 1147 1157 Cum
1168 1136 1242 1157 vero
1265 1125 1350 1156 idem
1375 1125 1464 1156 Plato
1488 1125 1634 1168 pluribus

311 1187 465 1219 librorum
492 1188 530 1219 (le
551 1187 712 1231 republica
736 1189 811 1219 locis
835 1188 1074 1227 Arithmetices,
1097 1188 1288 1219 Geometriae
1310 1194 1406 1230 atque
1425 1189 1633 1219 Astronomiae

312 1252 453 1283 studium
480 1252 572 1282 enixe
596 1252 864 1283 commendaverit
895 1258 1048 1294 tanquam
1071 1251 1366 1294 praestantissimum
1399 1250 1539 1282 medium
1563 1251 1634 1282 ani—

311 1326 402 1345 mum
423 1314 462 1345 ad
482 1314 693 1357 indagandam
713 1316 879 1346 veritatem
907 1312 1043 1344 acuendi
1062 1319 1094 1343 et
1118 1311 1339 1352 confirmandi,
1373 1322 1408 1343 ea
1430 1318 1537 1343 tamen
1555 1324 1633 1343 con-

312 1378 431 1409 ditione
457 1377 596 1421 adjecta,
621 1383 658 1408 ut
677 1378 711 1407 in
731 1377 785 1407 illo
808 1376 1009 1419 suscipiendo
1032 1375 1120 1408 nulla
1143 1375 1298 1407 habeatur
1318 1377 1397 1407 ratio
1420 1387 1510 1415 usuS,
1536 1387 1633 1419 quem

314 1441 379 1471 istae
407 1440 556 1471 doctrinae
586 1446 734 1482 praestare
760 1441 879 1483 possint
902 1440 935 1470 in
964 1438 1177 1482 agricultura,
1207 1439 1426 1482 navigatione,
1455 1445 1634 1470 mercatura

314 1502 445 1545 aliisque
466 1502 585 1534 artibus
605 1503 754 1535 humanae
778 1504 850 1536 vitae
871 1503 922 1536 vel
939 1503 1176 1534 necessitatibus
1195 1502 1246 1534 vel
1269 1502 1439 1534 commodis
1457 1503 1635 1535 inservien—

316 1566 413 1605 tibus,
439 1567 556 1598 mirum
574 1578 636 1597 non
657 1573 716 1607 est,
738 1568 821 1610 quod
841 1569 897 1598 iste
918 1568 1072 1598 terminus
1093 1567 1206 1597 amoris
1226 1566 1381 1597 Platonici
1404 1567 1523 1598 sensim
1539 1567 1633 1598 etiam

317 1629 353 1659 ad
389 1641 527 1660 amorem
555 1630 757 1661 scientiarum
793 1631 961 1662 translatus
993 1631 1103 1662 fuerit.
1142 1631 1188 1661 Ita
1223 1630 1283 1661 hoc
1312 1630 1448 1661 termino
1483 1640 1557 1660 usus
1589 1634 1635 1660 est

318 1692 547 1729 Hollmzcllzts,
583 1694 797 1735 sagacissimus
823 1701 932 1726 auctor
959 1695 1201 1726 meditationum
1232 1693 1271 1724 de
1299 1699 1465 1736 systemate
1491 1698 1633 1731 naturae,

316 1755 349 1785 in
372 1754 470 1785 literis
494 1766 575 1785 anno
604 1756 687 1789 1767
716 1756 753 1787 ad
785 1758 994 1789 immortalem
1017 1758 1229 1789 Lambertnm
1252 1757 1347 1796 datis,
1378 1762 1415 1788 ut
1436 1756 1555 1787 scilicet
1577 1767 1635 1787 ex—

317 1819 468 1860 primeret
490 1819 693 1860 purissimum
711 1819 801 1851 illum
823 1828 916 1865 atque
937 1822 1191 1854 ardentis-sunum
1212 1832 1365 1860 amorem,
1391 1820 1638 1862 amplectentem

317 1880 497 1923 disciplinas
524 1887 673 1924 tanquam
704 1882 784 1915 bona
812 1886 845 1916 in
872 1898 1045 1918 numerum
1075 1897 1184 1917 eorum
1210 1883 1376 1915 referenda
1392 1907 1400 1923 ,
1439 1895 1510 1926 quae
1534 1889 1636 1913 essent

318 1945 416 1986 prima
442 1945 475 1975 iu
495 1951 608 1976 natura
635 1952 666 1977 et
692 1958 749 1989 per
772 1960 837 1981 sese
862 1950 1062 1994 expetenda,
1093 1949 1182 1981 nulla
1206 1947 1379 1990 indigentia
1405 1946 1634 1990 compellente,

318 2007 405 2038 nulla
433 2007 569 2039 utilitate
594 2010 734 2050 quaesita.
