1809 2469
774 220 887 264 (59)

167 291 286 330 media,
306 296 381 322 sunt
401 292 533 322 stamina
553 292 739 335 imperfecta
753 299 785 323 et
796 294 867 324 ideo
884 295 1077 328 staminodiis
1093 301 1367 333 annumeranda.’'
1382 304 1418 335 P.
1435 304 1488 337 39.

167 344 262 387 (Vid.
293 344 373 374 Tab.
400 344 451 375 V.
468 344 532 387 fig.
554 347 583 378 7.
606 345 736 387 11.fig.
756 347 809 376 10.
833 346 872 383 d;
887 347 953 389 fig.
977 349 1028 379 11.
1050 350 1189 394 ecl,-fig.
1213 353 1265 393 14.
1287 356 1334 397 c).

210 397 288 428 Tam
317 398 444 428 veritati
474 403 680 428 consentanea
714 398 777 429 fuit
808 398 873 429 Cel.
901 400 1054 432 Riclzard
1078 403 1128 434 vel
1154 405 1278 437 Brown
1304 408 1428 450 opinio,
1454 417 1491 442 ut

166 450 279 492 elapsis
306 450 451 493 plurimis
475 452 564 481 annis
589 451 606 481 a
632 451 783 482 Riclzard
807 451 893 483 illius
921 453 1018 485 illust.
1045 455 1109 487 filio
1134 457 1334 490 inveniretur
1357 463 1490 494 varietas

166 504 313 535 Orchidis
333 504 492 544 latifoliae,
521 505 553 534 in
580 515 644 547 qua
669 505 786 536 fertilia
815 505 976 539 observata
1002 508 1094 540 fuere
1114 511 1321 552 staminodia,
1350 523 1426 556 ergo
1449 515 1488 546 ad

165 563 279 600 typum
301 557 481 599 generalem
501 558 761 601 primitivamque
780 559 925 591 redactus
950 561 1015 592 flos.

208 624 236 643 a.
261 610 452 648 Positione,
488 611 704 654 stigmatiferae
737 613 834 655 partis
865 615 1054 657 gynostemii
1078 622 1153 647 sunt
1176 618 1361 650 staminodia
1384 627 1487 663 partes

163 662 324 703 laterales,
351 664 537 706 posteriores
555 665 588 695 in
609 666 799 698 anteriorem
821 679 914 710 supra
935 668 1098 700 abeuntes.

207 718 256 749 Ex
276 717 313 748 ea
333 719 487 760 positione
509 718 560 752 vel
581 718 754 752 directione
774 722 875 753 oritur
898 722 1056 753 distinctio
1076 722 1185 755 caudae
1203 730 1236 755 et
1260 726 1357 768 apicis
1376 728 1486 759 stami—

163 770 343 802 nodiarum.

211 825 328 855 Gauda
351 825 467 857 dicitur
487 826 684 869 prolongatio
701 827 735 858 in
760 829 948 871 gynostemii
971 835 1061 872 parte
1087 829 1201 861 dorsali
1225 830 1375 864 fibrarum
1400 845 1485 865 eras-

161 878 279 908 siorum
302 889 443 921 quorum
470 880 650 911 terminatio
675 881 830 924 rugellosa
857 883 973 914 viscida
997 883 1168 914 staminum
1193 883 1408 918 abortivorum
1434 889 1484 920 vel

160 931 367 962 antherarum
389 933 519 975 vestigia
540 933 670 964 indicat.
697 935 754 976 (e,
767 936 835 977 fig.
856 938 908 967 11.
937 937 1018 967 Tab.
1042 937 1094 968 V.
1109 937 1131 979 ).

204 983 311 1015 Cauda
335 995 411 1027 ergo
437 986 617 1016 caudicum
641 986 781 1017 antherae
805 987 948 1020 abortiva
972 988 1139 1020 formatur.

202 1037 293 1079 Apex
314 1037 348 1068 in
368 1038 558 1069 anteriorem
578 1039 692 1070 faciem
714 1041 901 1082 gynostemii
923 1048 1127 1083 recurvatur,
1149 1041 1281 1076 massam
1301 1045 1345 1076 ibi
1366 1046 1482 1079 format

157 1089 330 1130 viscidam,
357 1091 597 1122 mammillosam
619 1092 712 1135 cujus
732 1092 891 1135 glandulae
915 1101 1134 1136 representant
1157 1096 1264 1138 pollen
1285 1097 1480 1141 abortivum,

156 1142 234 1174 dum
259 1154 276 1174 e
296 1149 405 1174 contra
427 1155 505 1186 apex
530 1145 596 1187 ipse
620 1146 746 1176 nonnisi
774 1145 905 1177 anthera
931 1147 964 1177 in
990 1153 1074 1179 statu
1101 1149 1289 1192 imperfecto
1313 1152 1364 1184 vel
1389 1154 1480 1185 rudi-

154 1197 326 1236 mentario,
349 1203 396 1227 est
415 1197 512 1239 (Vid.
536 1210 572 1235 c,
584 1198 653 1241 fig.
675 1199 706 1239 4
736 1199 817 1230 Tab.
840 1200 927 1242 V.)

199 1250 232 1291 β,
257 1251 381 1281 ΙΓονῙηά
396 1257 473 1282 sunt
486 1252 670 1284 staminodia
689 1253 849 1296 elongata,
868 1264 1018 1294 recurva3
1040 1257 1221 1298 superficie,
1237 1258 1371 1300 sulcata,
1394 1259 1476 1294 laevi.

197 1316 230 1346 ry.
260 1303 374 1336 Colore
398 1316 485 1336 nunc
506 1305 635 1346 viridia,
659 1317 746 1338 nunc
766 1306 850 1347 alba,
875 1319 962 1340 nunc
981 1308 1119 1352 denique
1140 1310 1331 1344 rubicunda.

197 1357 222 1391 ὃ.
262 1358 352 1389 Usus
376 1359 551 1401 ignoratur.
583 1359 778 1394 Observatur
807 1362 963 1393 rarissime
992 1373 1104 1394 eorum
1132 1364 1273 1396 evolutio
1294 1366 1330 1397 in
1358 1372 1475 1400 statum

129 1441 132 1443 ,
154 1410 389 1453 perfectiorem.

703 1507 726 1550 g
770 1508 920 1539 LXXVL

661 1593 714 1624 Dr.
758 1594 958 1625 Aurasius.

194 1680 214 1711 J
215 1692 265 1713 am
275 1681 414 1715 diximus
428 1683 574 1715 antheras
588 1696 704 1728 organa
715 1695 781 1717 esse
795 1686 924 1718 maximi
936 1689 1105 1729 momenti,
1118 1690 1295 1732 praesertim
1308 1691 1342 1722 in
1354 1691 1471 1724 Orchi-

152 1733 243 1766 dibus
256 1759 264 1775 ‚
294 1736 328 1766 in
355 1737 472 1780 quibus
501 1749 610 1770 earum
642 1740 816 1772 observatio
842 1741 967 1773 criteria
996 1742 1034 1774 ad
1063 1754 1178 1785 genera
1209 1743 1470 1787 distinguendum

149 1788 308 1829 aptissima
325 1789 473 1831 praebuit.
495 1792 615 1823 Earum
633 1799 791 1825 structura
810 1800 841 1825 et
855 1795 984 1827 insertio
997 1796 1075 1828 adeo
1094 1803 1170 1828 sunt
1186 1797 1310 1830 stabiles
1325 1805 1357 1830 et
1372 1811 1470 1844 regu-

148 1840 244 1881 lares,
257 1848 294 1873 ut
307 1843 341 1873 in
352 1845 581 1888 congeneribus
590 1847 710 1879 eaedem
721 1848 967 1881 modificationes
979 1861 1103 1893 semper
1113 1858 1291 1883 occurrant.
1303 1852 1468 1885 Nescimus

148 1905 247 1937 quare
267 1895 411 1928 Botanici
430 1900 556 1931 nonnisi
577 1906 729 1944 tanquam
749 1901 845 1933 solam
864 1908 896 1933 et
911 1904 1038 1936 unicam
1058 1905 1224 1937 antheram
1247 1906 1467 1940 considerave-

147 1950 212 1979 rint
233 1949 297 1981 duo
317 1961 447 1994 corpora
470 1960 647 1998 segregata,
669 1967 806 1999 quorum
824 1957 948 2000 singula
969 1958 1003 1989 in
1023 1959 1185 2002 integrum
1208 1960 1465 2002 compositionem

147 2003 305 2044 staminis,
327 2005 594 2048 quemadmodUm
620 2008 680 2041 hoc
703 2021 843 2054 organon
867 2010 945 2043 solet
965 2012 1088 2046 admitti
1108 2019 1344 2057 repraesentant.
1369 2013 1465 2046 Nobis
