1809 2469
754 247 867 288 (19)

151 322 301 362 deduxit,
327 322 481 354 differunt
505 321 543 353 ab
569 321 630 353 illis
651 331 728 363 quas
748 319 912 362 proposuit
937 318 1101 350 Flourens.
1131 319 1258 350 Etenim
1284 317 1476 350 cerebellum

152 383 190 408 ut
209 377 330 407 fontem
352 377 447 407 totius
469 375 627 406 facultatis
647 373 856 404 locomotricis
877 372 1024 410 assumit;
1054 372 1139 414 quod
1164 384 1180 403 a
1200 372 1354 403 sententia
1380 372 1478 414 ipsius

152 430 305 461 Flourens
324 429 463 460 multum
479 428 600 468 differt,
624 439 726 469 quum
744 427 796 458 hic
812 432 942 465 asserat,
965 426 1232 457 coordinationem
1247 427 1391 457 omnium
1408 437 1479 456 mo-

151 490 246 515 tuum
266 483 362 515 simul
382 483 566 514 effectorum
592 481 729 513 residere
747 482 780 512 in
801 480 956 512 cerebello
977 480 1036 521 (1).

195 538 232 568 In
252 543 342 580 parte
364 536 493 567 omnino
516 536 671 578 superiori
696 534 844 565 medullae
866 533 1056 576 oblongatae‚
1081 532 1137 564 ubi
1158 532 1323 564 tubercula
1348 531 1480 574 quadri-

152 591 278 634 gemina
300 591 328 621 ei
349 589 531 629 adhaerent,
557 588 602 619 ibi
623 594 720 619 cessat
741 587 875 619 facultas
897 586 1071 629 recipiendi
1088 592 1120 617 et
1140 586 1334 629 propagandi
1355 596 1393 616 ex
1415 585 1478 616 una

151 649 241 686 parte
266 643 475 674 irritationem
501 648 533 673 et
559 653 598 673 ex
619 641 678 672 alia
701 640 858 680 dolorem,
888 640 940 672 vel
965 646 1050 671 certe
1073 646 1119 670 est
1143 641 1176 670 in
1204 640 1264 670 hoc
1285 639 1371 677 loco,
1395 638 1479 681 quod

153 697 274 729 variare
293 696 429 727 debeant
449 696 654 734 sensationes‚
670 701 707 726 ut
722 701 848 737 possent
859 694 998 737 percipi3
1015 693 1124 724 saltem
1144 704 1184 724 ex
1201 693 1311 724 eodem
1329 693 1396 735 ipso
1412 692 1481 722 loco

154 750 272 781 debent
286 750 368 794 jussa
385 749 555 782 voluntatis
570 749 734 791 proficisci.
756 749 867 791 Itaque
885 749 1076 779 continuitas
1097 747 1205 789 organi
1225 747 1332 778 nervei
1344 771 1351 785 ,
1369 746 1407 776 ab
1428 745 1482 776 illo
1519 738 1521 741 ’

154 803 222 834 loeo
237 814 339 845 usque
358 802 397 833 ad
415 802 490 833 alias
511 808 629 845 partes,
652 813 779 844 prorsus
797 802 968 832 necessaria
985 807 1047 840 est,
1063 807 1101 832 ut
1113 801 1228 843 exequi
1246 800 1364 842 possint
1381 805 1484 830 motus

155 857 320 898 spontanei
342 862 374 887 et
396 862 433 887 ut
455 856 618 898 perceptio
642 856 885 898 impressionum
905 857 970 887 sive
990 856 1115 886 interna
1133 856 1199 887 sive
1219 860 1351 885 externa
1377 854 1483 885 locum

155 909 281 940 habeat.

199 962 248 993 Cl.
269 962 436 1005 Mageudie
460 961 507 1003 (2)
532 961 687 992 abscindit
707 964 845 992 sectione
866 968 1040 993 transversa
1062 974 1164 993 unum
1188 961 1407 1004 pedunculum
1431 972 1485 992 ce-

154 1014 280 1052 rebelli,
299 1020 331 1044 et
348 1014 465 1043 animal
482 1013 590 1055 rapide
606 1024 700 1055 supra
716 1024 748 1043 se
767 1014 872 1055 ipsum
890 1024 956 1044 sese
975 1015 1069 1044 vertit
1088 1014 1206 1056 absque
1226 1026 1262 1044 eo
1283 1021 1321 1045 ut
1337 1014 1484 1045 cohibere

154 1072 258 1098 ‘motus
278 1065 347 1096 illos
368 1065 594 1097 tumultuarios
618 1065 748 1097 valeret.
776 1066 858 1104 Quae
878 1067 973 1097 etiam
994 1067 1034 1096 sit
1053 1068 1165 1109 positio
1185 1077 1257 1109 quae
1276 1066 1405 1097 animali
1426 1068 1485 1097 tri-

155 1119 330 1159 buebatur,
352 1119 457 1150 statim
474 1130 539 1150 sese
557 1120 651 1151 vertit
670 1119 770 1150 donec
793 1119 991 1150 obstaculum
1015 1119 1175 1161 quoddam
1193 1119 1361 1162 physicum
1381 1120 1486 1162 ipsum

156 1179 310 1206 moratur.
331 1173 363 1203 Si
381 1165 487 1204 autem
502 1172 595 1203 ambo
609 1172 785 1215 pedunculi
802 1172 1047 1212 abscinduntur,
1064 1184 1191 1216 prorsus
1212 1173 1338 1204 nullum
1362 1179 1485 1205 motum

157 1233 295 1259 exercet.

200 1281 333 1311 Factum
353 1279 391 1310 ab
408 1278 570 1319 omnibus,
589 1280 645 1322 qui
664 1280 702 1311 de
721 1279 878 1311 cerebello
896 1281 1113 1323 experimenta
1130 1280 1354 1318 instituerunt,
1375 1280 1486 1323 cogni—

157 1340 227 1366 tum
246 1333 327 1364 illud
347 1338 409 1371 est,
431 1332 516 1374 quod
535 1332 676 1364 laesiones
697 1333 795 1378 liujus
814 1334 923 1377 organi
944 1333 1106 1373 animalia,
1130 1334 1218 1376 quasi
1236 1333 1266 1365 vi
1287 1333 1485 1373 mechanica,

158 1392 272 1431 cogant
289 1386 328 1417 ad
346 1386 629 1427 retrocedendum‚
650 1393 683 1418 et
700 1387 785 1430 quod
803 1388 842 1419 ad
863 1388 951 1420 hunc
970 1393 1092 1419 motum
1107 1386 1310 1418 efficiendum
1328 1387 1381 1417 illa
1398 1387 1488 1429 quasi

158 1442 258 1474 invite
282 1440 459 1483 impellant.
496 1440 543 1471 Cl.
566 1440 734 1484 Magendie
753 1442 866 1484 saepius
891 1440 971 1473 vidit
991 1440 1138 1471 animalia
1162 1440 1200 1471 ad
1223 1440 1390 1471 cerebrum
1413 1440 1489 1472 vul-

159 1500 286 1534 ueram,
312 1495 426 1525 nixum
444 1494 614 1525 formantia
637 1494 675 1525 ad
700 1494 953 1537 procedendum,
981 1505 1053 1537 quae
1077 1500 1184 1525 tamen
1210 1494 1394 1525 immediate
1417 1499 1488 1536 post

159 1548 321 1580 laesionem
343 1553 514 1578 retrorsum
535 1548 582 1579 ire
602 1547 807 1590 incipiebant.
836 1548 971 1579 Auatem
992 1548 1044 1579 cui
1062 1549 1232 1578 maximam
1253 1554 1375 1590 partem
1397 1559 1487 1579 cere-

161 1601 236 1632 belli
253 1600 425 1631 abstulerat
444 1611 500 1642 per
519 1606 591 1632 octo
608 1601 673 1632 dies
689 1601 902 1641 conservavit,
922 1612 1058 1644 quaeque
1077 1601 1203 1632 nonnisi
1221 1607 1345 1632 motum
1362 1612 1488 1644 regres-

162 1655 266 1685 sivum
289 1659 423 1684 executa
446 1653 509 1685 fuit
529 1665 587 1696 per
615 1660 718 1686 totum
738 1655 819 1686 illud
843 1661 984 1698 tempus,
1015 1655 1092 1686 dum
1117 1655 1246 1698 quidem
1269 1656 1302 1686 in
1323 1655 1405 1698 aqua
1430 1655 1488 1687 de-

163 1706 266 1751 gebat.
294 1706 385 1737 Vidit
404 1718 531 1750 quoque
552 1708 720 1750 Magendie
739 1708 880 1739 laesiones
901 1708 1051 1740 medullae
1070 1708 1244 1752 oblongatae
1260 1715 1366 1740 motus
1386 1715 1489 1740 retro-

164 1760 274 1804 grados
296 1760 484 1803 producere.
510 1761 622 1804 Itaque
643 1762 696 1793 hic
716 1769 820 1794 motus
836 1774 901 1793 non
916 1762 1078 1795 exclusive
1093 1762 1164 1793 solis
1188 1761 1367 1794 laesionibus
1391 1763 1488 1805 ipsius

164 1813 313 1845 cerebelli
341 1813 440 1845 tribui
467 1813 571 1846 debet.
605 1815 766 1848 Columbae
796 1816 911 1859 quibus
935 1816 1058 1859 spinam
1083 1816 1117 1846 in
1143 1815 1203 1847 hac
1227 1807 1316 1859 parte
1341 1816 1489 1846 infixerat

164 1878 289 1910 semper
313 1878 421 1909 gressu
446 1868 629 1911 retrogrado
653 1881 719 1901 sese
745 1876 915 1902 moverunt
943 1881 1000 1913 per
1029 1880 1170 1900 mensem
1203 1870 1365 1912 integrum
1393 1875 1425 1899 et
1450 1879 1488 1899 eo

165 1921 302 1961 diutius3
325 1920 465 1953 volatum
489 1922 620 1965 quidem
640 1923 860 1966 retrogradum
878 1923 1103 1962 instituerunt,
1128 1923 1185 1966 qui
1209 1928 1332 1964 motus,
1355 1932 1489 1953 summae

227 2035 259 2064 (ι)
276 2035 339 2057 Loco
357 2034 443 2063 citato,
461 2042 515 2066 pag.
536 2044 571 2066 27.

228 2075 260 2104 (2)
277 2074 361 2097 Journ.
380 2073 409 2096 de
424 2074 530 2104 physiol.
547 2076 746 2105 experimentale7
767 2080 824 2099 tom.
842 2076 864 2098 4.
883 2082 937 2106 pag.
954 2076 1006 2098 l100.
