1809 2469
782 237 894 281 (49)

174 311 280 353 tetigi,
298 321 361 353 quo
381 309 502 342 factum
520 316 580 351 est,
597 315 634 341 u't
648 309 765 340 animal
783 316 874 342 antea
890 311 995 342 nullos
1009 319 1137 354 questus
1156 314 1267 355 edens,
1289 315 1350 358 jam
1365 318 1495 348 summis

173 363 363 395 clamoribus
384 363 522 395 dolorem
541 374 636 395 suum
653 363 854 405 significaret.
878 364 951 394 Post
971 364 1053 396 lianc
1075 367 1259 399 incisionem
1277 375 1360 401 totus
1378 376 1496 401 tractus

171 416 389 448 membrorum
417 415 668 447 abdominalium
698 415 762 446 fuit
788 415 979 458 paralyticus
1009 417 1171 459 redditus3
1204 422 1258 452 sed
1289 422 1365 453 dum
1398 424 1494 454 etiam

171 469 312 500 minimae
331 468 568 500 dilacerationes
587 468 674 499 hisce
694 468 836 511 partibus
856 469 1094 511 inserebantur,
1114 473 1230 504 animal
1246 475 1349 505 statim
1367 487 1494 518 magnos

171 521 322 554 clamores
340 521 469 560 edebat,
489 520 607 564 absque
628 533 667 553 eo
688 528 725 553 ut
744 522 790 552 illi
810 522 956 565 possibile
979 524 1078 555 fuerit
1102 525 1241 556 membra
1267 538 1321 557 sua
1342 528 1493 559 inferiora

169 576 276 619 aliquo
299 575 391 607 modo
408 575 613 615 contrahere,
634 577 681 606 uti
697 575 778 606 illud
799 576 905 607 locum
922 576 1033 615 habet,
1051 577 1127 608 dum
1150 578 1287 610 funiculi
1307 581 1492 622 posteriores

170 639 341 660 nervorum
362 627 588 660 vertebralium
613 635 806 660 resecantur.
831 629 954 660 Deinde
972 630 1093 662 irritavi
1119 642 1192 661 cum
1213 632 1302 674 apice
1322 644 1396 663 acus
1418 645 1492 675 par-

168 687 233 712 tem
264 680 431 721 medullae,
459 692 530 724 quae
555 681 639 712 infra
663 682 834 713 incisuram
861 682 918 713 sita
947 689 1034 723 erat,
1071 690 1103 714 et
1132 685 1236 715 statim
1262 691 1346 716 totus
1373 692 1491 718 tractus

167 734 384 766 membrorum
404 735 594 766 inferiorum
608 735 711 767 valide
731 746 796 766 sese
817 738 973 767 contraxit
991 743 1024 767 et
1039 738 1155 768 animal
1171 750 1234 768 non
1256 739 1356 770 solum
1375 741 1491 783 ingen-

167 794 214 820 tes
234 788 386 820 clamores
410 788 538 828 edebat,
568 800 681 821 verum
707 790 803 821 etiam
828 791 914 820 omni
940 791 1011 820 nisu
1033 790 1167 821 evadere
1193 791 1376 823 conabatur.
1406 793 1488 825 Illud

166 852 241 884 ergo
264 842 520 884 experimentum
540 841 666 883 probat,
690 842 775 885 quod
799 842 852 873 hic
871 842 1010 873 funiculi
1033 844 1233 885 posteriores,
1254 845 1363 875 intacti
1385 857 1490 878 rema-

166 901 293 935 nentes,
322 896 543 938 impressiones
570 907 587 926 a
610 895 792 938 peripheria
818 895 857 926 ad
884 902 1030 926 centrum
1057 896 1226 936 ducerent,
1258 897 1335 928 dum
1363 898 1424 930 illae
1449 910 1489 930 ex

165 954 274 979 centro
294 949 516 991 provenientes
533 948 723 990 periplieriae
742 950 919 980 transmetti
937 949 1123 992 nequibant.
1144 951 1191 981 Ex
1207 950 1261 981 illo
1276 952 1371 982 etiam
1387 963 1488 995 expe-

165 1002 302 1032 rimento
327 1001 512 1039 deducltur,
541 1001 643 1042 quod,
667 1001 746 1032 dum
771 1003 904 1032 irritatio
928 1003 1073 1043 quaedam
1096 1003 1235 1034 infertur
1255 1005 1336 1046 parti
1359 1005 1488 1038 cuidam

163 1053 327 1093 medullae,
354 1064 442 1095 quae,
460 1053 525 1092 aio,
551 1052 672 1084 cerebri
693 1053 869 1084 influentiae
893 1053 1044 1084 submissa
1068 1065 1132 1084 non
1160 1055 1295 1097 amplius
1315 1063 1377 1095 est,
1402 1059 1487 1099 quod

162 1113 280 1150 parteS,
298 1106 414 1149 quibus
428 1106 463 1136 hi
476 1106 567 1138 nervi
582 1117 647 1137 sese
663 1105 873 1145 distribuunt,
886 1108 1114 1137 contractiones
1129 1108 1301 1149 patiantur,
1318 1108 1435 1151 absque
1449 1122 1486 1142 eo

162 1166 201 1191 ut
215 1153 278 1191 sub‘
288 1159 500 1202 dependentia
514 1158 634 1190 cerebri
646 1160 744 1201 posita
758 1160 834 1199 sint,
846 1159 956 1191 eodem
974 1172 1099 1202 prorsus
1121 1161 1213 1192 modo
1225 1173 1260 1192 ac
1275 1163 1299 1192 si
1315 1163 1374 1205 ipsi
1389 1165 1486 1205 partis

160 1214 251 1245 nervi
271 1214 480 1244 irritationem
499 1218 696 1254 paterentur.
720 1213 768 1243 Ex
789 1213 837 1243 his
859 1219 977 1256 optime
994 1214 1186 1256 conspicitur
1209 1221 1326 1256 quanta
1348 1216 1388 1246 sit
1406 1228 1486 1248 ano-

160 1267 259 1309 logia,
281 1276 354 1308 quae
376 1265 482 1296 existit
502 1266 586 1296 inter
608 1271 734 1296 caeteros
755 1277 869 1298 nervos
889 1272 921 1297 et
940 1266 1113 1298 medullam
1136 1267 1301 1310 spinalem.

201 1320 373 1362 Postquam
394 1319 497 1350 media
519 1319 702 1350 mechanica
723 1331 780 1362 pro
798 1320 1025 1362 experimentis
1045 1320 1247 1351 instituendis
1268 1321 1393 1353 fueram
1413 1334 1482 1354 am-

157 1373 286 1417 plexus,
312 1373 349 1404 ad
374 1372 477 1404 media
497 1372 638 1403 chemica
660 1373 803 1404 animum
827 1373 969 1405 converti
990 1378 1022 1403 et
1041 1372 1264 1415 Strychninam
1289 1374 1365 1406 huic
1390 1387 1482 1418 scopo

157 1428 310 1459 inservire
327 1438 415 1469 posse
435 1426 565 1457 credidi.
588 1427 699 1469 Itaque
716 1426 837 1469 aliquas
856 1426 998 1468 guttulas
1016 1428 1162 1458 tincturae
1182 1426 1279 1470 hujus
1299 1428 1482 1461 substantiae

158 1479 320 1512 Columbae
340 1480 522 1523 propinavi,
547 1480 600 1511 cui
615 1480 732 1523 praevie
753 1485 875 1521 partem
896 1480 1091 1522 superiorem
1107 1479 1251 1510 loborum
1271 1481 1481 1514 cerebralium

158 1533 367 1573 abstuleram,
398 1539 468 1575 post
497 1534 610 1576 viginti
641 1534 765 1564 minuta
791 1533 928 1564 secunda
955 1533 1093 1575 insignes
1119 1533 1338 1564 convulsiones
1363 1536 1480 1566 animal

156 1587 397 1629 corripuerunt,
419 1592 451 1617 et
470 1585 538 1629 ejus
558 1597 672 1629 corpus
693 1586 812 1617 mirum
828 1587 862 1617 in
877 1586 1007 1617 modum
1029 1586 1305 1628 conquassabantur.
1330 1587 1479 1621 Rostrum

156 1638 226 1683 ejus
243 1650 368 1681 semper
389 1645 537 1681 apertum
557 1638 757 1678 remanebat,
783 1644 816 1669 et
835 1638 875 1670 de
895 1645 1037 1681 tempore
1056 1640 1090 1670 in
1109 1645 1235 1682 tempus
1255 1641 1479 1683 experiebatur

155 1691 277 1735 aliquas
292 1692 524 1733 percussiones,
547 1703 618 1734 quae
635 1703 782 1735 magnam
797 1691 972 1735 analogiam
993 1693 1112 1724 habent
1128 1705 1202 1724 cum
1224 1695 1479 1737 percussionibus

131 1767 134 1768 ν
155 1745 320 1776 electricis.
351 1746 464 1776 Statim
490 1745 683 1777 cerebellum
708 1746 884 1786 denudavi,
910 1752 943 1778 et
966 1746 1034 1790 ejus
1058 1748 1228 1779 sectionem
1251 1748 1478 1781 horizontalem

154 1798 290 1829 institui.
309 1798 427 1830 Eodem
446 1805 606 1830 momento
625 1801 854 1831 contractiones
870 1799 1097 1840 substiterunt,
1118 1807 1151 1832 et
1169 1801 1258 1833 brevi
1275 1808 1344 1844 post
1359 1804 1477 1834 animal

154 1856 318 1883 mortuum
343 1858 399 1883 est.
432 1852 544 1883 Statim
571 1852 746 1884 medullam
776 1859 872 1896 atque
899 1865 1035 1887 nervum
1064 1853 1262 1885 ischiaticum
1289 1866 1306 1886 a
1333 1855 1475 1897 partibus

153 1905 266 1937 vicinis
291 1904 449 1938 denudavi
469 1906 641 1937 et'frustra
664 1906 855 1938 irritationes
874 1907 1021 1938 omnibus
1047 1906 1146 1938 modis
1166 1908 1200 1938 in
1224 1907 1310 1939 hisce
1333 1907 1475 1950 partibus

153 1959 294 1999 institui,
321 1970 361 1990 ne
380 1959 545 1991 minimam
569 1959 700 2003 quidem
726 1961 972 1992 contractionem
999 1960 1175 2002 producere
1197 1961 1303 2002 potui,
1328 1972 1388 1992 nec
1408 1960 1475 1992 ulla

154 2012 282 2045 illarum
304 2013 444 2055 partium
464 2013 592 2046 stimulo
614 2013 833 2057 respondebat,
856 2012 1033 2046 Videbatur
1052 2013 1152 2043 omnis
1171 2012 1337 2044 influentia
1355 2024 1472 2047 nervea

1172 2076 1190 2107 7
