1809 2469
787 239 899 281 (55)

180 321 213 347 et
232 313 399 346 tubercula
420 313 661 356 quadrigemina
682 312 829 345 omnibus
845 313 909 343 suis
930 313 1075 343 numeris
1090 312 1265 355 explicaret
1280 311 1319 342 cl.
1337 311 1361 343 F
1363 311 1506 350 lom-ens,

179 370 215 400 in
235 367 388 399 Columba
405 367 580 399 denudavit
599 372 631 398 et
650 366 750 408 ipsam
773 364 946 396 medullam
970 364 1171 408 oblongatam
1190 372 1222 397 et
1241 365 1407 396 tubercula
1428 376 1508 407 qua-

180 422 372 464 drigemina,
390 421 565 453 auferendo
581 419 790 458 cerebellum3
812 419 950 461 priorem
971 419 1055 449 hanc
1074 425 1196 461 partem
1213 420 1354 462 aperuit,
1376 430 1411 449 ae
1431 430 1508 461 por-

179 476 299 506 tionem
324 476 530 518 posteriorem
553 473 698 504 loborum
721 473 950 511 cerebralium‚
971 473 1028 515 qui
1047 474 1217 515 posteriora
1240 484 1355 515 organa
1377 472 1507 514 obtegit.

179 528 304 559 Deinde
323 528 460 561 diversas
478 528 535 558 has
555 533 659 570 partes
675 527 810 559 vicissim
827 533 859 559 et
874 527 1042 569 separatim
1060 527 1213 566 irritavit,
1235 532 1330 569 atque
1345 526 1509 568 sequentia

180 582 367 615 observavit.
402 583 488 613 Dum
518 580 686 612 tubercula
716 582 812 612 unius
840 581 945 612 lateris
976 581 1112 612 irritavit
1139 590 1264 622 semper
1294 579 1510 610 determinatae

179 635 315 666 fuerunt
336 634 556 666 convulsiones
576 636 610 665 in
630 635 729 666 latere
751 635 909 677 opposito:
933 634 1010 665 dum
1026 645 1043 664 e
1064 639 1172 664 contra
1194 632 1367 664 medullam
1386 643 1425 662 ex
1444 643 1509 662 uno

179 689 278 720 latere
304 688 465 728 irritabat,
490 688 709 720 convulsiones
738 699 862 730 semper
886 688 920 718 in
942 687 1054 718 eodem
1080 686 1179 717 latere
1199 686 1306 717 locum
1329 684 1508 723 habebant3

179 742 299 773 scilicet
323 743 515 773 irritationes
542 741 704 773 tuberculi
729 741 832 773 dextri
856 740 1079 772 tantummodo
1102 742 1136 771 in
1159 735 1258 771 latere
1283 740 1407 770 sinistro
1433 749 1510 769 con-

181 796 341 828 vulsiones
358 795 592 838 producebant,
613 794 675 826 illae
690 794 851 826 tuberculi
872 795 990 825 sinistri
1010 793 1207 825 solummodo
1222 794 1255 823 in
1273 792 1370 823 latere
1388 792 1509 822 dextro.

180 849 213 879 Ei
228 854 336 879 contra
360 849 551 879 irritationes
573 848 723 879 medullae
749 860 765 879 a
787 848 905 879 dextris
928 848 1052 880 effectae
1078 847 1275 879 solummodo
1298 859 1315 877 a
1337 846 1454 877 dextris
1479 851 1512 875 et

181 901 244 933 illae
264 913 279 932 a
301 902 449 942 sinistris,
470 902 690 933 tantummodo
711 914 727 932 a
748 903 881 933 sinistris
896 902 1116 934 convulsiones
1137 899 1401 932 determinabant.
1424 900 1511 930 Dum

182 954 321 986 medulla
340 955 506 998 oblongata
528 957 696 999 puncturis
712 955 862 995 aflicitur,
884 957 928 986 ait
944 957 1042 998 Lorry
1058 955 1123 997 (1),
1142 965 1267 996 semper
1282 953 1320 984 ab
1340 953 1430 983 initio
1446 951 1511 983 vidi

182 1007 354 1050 paralysim
381 1009 456 1038 oriri
480 1019 498 1038 e
519 1008 619 1039 latere
643 1009 785 1050 opposito
806 1009 901 1047 huic,
922 1009 956 1038 in
977 1019 1041 1049 quo
1065 1007 1183 1039 vulnus
1201 1008 1308 1038 fuerat
1330 1006 1454 1037 illatum
1481 1010 1513 1035 et

183 1060 404 1091 convulsiones
426 1071 444 1090 e
464 1060 563 1091 latere
585 1060 670 1102 quod
692 1060 799 1091 fuerat
822 1061 993 1091 irritatum.

227 1113 384 1144 Videmus
407 1124 496 1144 nunc
520 1113 764 1155 explicationem
796 1113 928 1154 insignis
951 1112 1038 1143 illius
1064 1112 1162 1151 facti⁷
1194 1111 1318 1142 tamdiu
1346 1123 1361 1141 a
1384 1111 1514 1153 physio-

182 1166 262 1209 logis
282 1167 316 1197 in
337 1166 472 1197 dubium
492 1167 651 1205 revocati,
673 1166 726 1196 hic
748 1167 892 1208 apprime
913 1166 1077 1208 explicari.
1101 1165 1148 1196 Cl.
1167 1166 1266 1208 Lorry
1287 1168 1320 1195 in
1336 1166 1399 1196 suis
1414 1175 1514 1207 expe-

183 1220 328 1251 rimentis
351 1225 383 1250 et
407 1219 576 1262 paralysim
601 1219 707 1250 lateris
733 1219 868 1261 oppositi
897 1220 956 1261 ipsi
981 1224 1150 1261 puncturae
1176 1224 1208 1249 et
1231 1218 1450 1249 convulsiones
1480 1218 1515 1248 in

184 1273 284 1304 latere
304 1278 425 1315 puncto
447 1272 600 1312 obtinuit,
623 1273 697 1315 quia
716 1273 890 1305 medullam
908 1273 1107 1315 oblongatam
1125 1284 1142 1303 a
1164 1271 1319 1303 cerebello
1338 1283 1401 1302 non
1421 1283 1513 1314 sepa—

183 1327 284 1360 rabat.
306 1326 448 1357 Effectus
468 1325 650 1357 decussatus
669 1327 782 1357 irritati
801 1326 950 1358 cerebelli
968 1325 1160 1357 miscebatur
1177 1337 1251 1368 ergo
1272 1326 1306 1356 in
1326 1325 1395 1370 ejus
1414 1336 1514 1367 expe—

184 1380 330 1412 rimentis
352 1390 427 1410 cum
448 1379 566 1410 effectu
591 1379 710 1410 directo
731 1379 901 1410 stimulatae
923 1379 1073 1410 medullae
1096 1378 1282 1421 oblongatae.

229 1432 399 1464 Denudavi
421 1432 594 1463 medullam
616 1432 650 1462 in
673 1431 792 1476 juniori
810 1432 899 1462 Cane
915 1437 947 1463 et
968 1433 998 1463 ei
1021 1432 1190 1475 propinavi
1214 1438 1350 1474 quatuor
1374 1430 1514 1474 guttulas

186 1486 336 1518 tincturae
353 1485 562 1528 Stryclininae.
586 1485 724 1516 Musculi
742 1496 851 1516 omnes
868 1487 966 1516 totius
983 1486 1121 1528 corporis
1140 1486 1245 1516 statim
1267 1485 1420 1517 violentas
1437 1496 1515 1515 con-

185 1539 346 1572 vulsiones
366 1539 447 1581 passi
461 1545 546 1570 sunt.
572 1539 691 1570 Versus
710 1539 853 1571 medium
871 1539 954 1571 dorsi
975 1539 1146 1570 lateraliter
1166 1539 1304 1570 resecavi
1323 1537 1513 1575 medullam,

186 1593 232 1627 ita
248 1598 285 1625 ut
300 1593 417 1635 integri
434 1598 634 1624 remanerent
651 1592 718 1623 hin-i
735 1592 789 1624 alii
805 1593 945 1625 funiculi
964 1594 997 1624 in
1014 1593 1113 1624 latere
1133 1593 1258 1623 sinistro
1281 1592 1376 1623 obvii.
1395 1591 1514 1622 Eodem

186 1651 349 1679 momento
370 1645 532 1677 observata
552 1646 616 1677 fuit
633 1646 806 1677 motilitatis
831 1646 1007 1689 deperditio
1027 1647 1059 1677 in
1082 1645 1223 1677 membro
1242 1646 1319 1677 huic
1339 1645 1430 1676 lateri
1448 1656 1516 1676 res—

186 1699 365 1744 pondente‚
388 1699 466 1730 dum
486 1699 672 1730 sensibilitas
695 1705 727 1730 et
746 1700 894 1731 motilitas
916 1700 950 1730 iu
972 1700 1114 1732 membro
1134 1700 1276 1743 opposito
1295 1698 1513 1731 remanebant.

232 1753 320 1786 Idem
342 1754 599 1798 experimentum
618 1754 652 1784 in
671 1753 770 1784 latere
787 1754 928 1797 opposito
949 1753 1029 1785 alius
1047 1753 1139 1785 Canis
1154 1754 1295 1793 institui,
1320 1759 1352 1784 et
1366 1752 1515 1796 paralysis

190 1811 256 1838 orta
278 1813 326 1838 est
350 1808 384 1838 in
409 1806 551 1840 membro
577 1807 789 1850 respondente
813 1807 955 1839 absolute
980 1807 1092 1841 eodem
1116 1807 1209 1839 modo
1233 1819 1268 1838 ac
1294 1808 1327 1838 iu
1352 1807 1513 1850 praecitato

190 1861 420 1903 experimento.

233 1913 402 1945 Denudavi
422 1915 455 1945 in
481 1914 636 1947 Columba
659 1921 783 1958 partem
806 1915 1001 1958 superiorem
1023 1915 1173 1946 medullae
1191 1914 1337 1957 spinalis,
1361 1924 1431 1956 quae
1452 1913 1514 1943 im-

191 1968 317 2013 propria
353 1967 609 2002 denominatione
641 1969 781 2002 medulla
819 1969 985 2012 oblongata
1021 1974 1163 2000 vocatur.
1205 1967 1331 2000 Animal
1366 1977 1513 2008 magnam

252 2082 296 2110 (ι)
312 2081 385 2104 mem.
404 2081 444 2104 des
464 2089 552 2105 savans
568 2083 701 2114 elwangen,
722 2084 769 2107 vol.
785 2084 812 2111 3,
831 2091 885 2113 pag.
906 2084 957 2113 575.
