1809 2469
902 242 913 284 (
938 244 979 276 76
1004 243 1014 285 )

301 317 474 356 musculos,
493 317 689 348 Clarissimus
705 317 758 348 ille
774 317 831 348 Vir
848 317 970 348 nullam
986 318 1140 349 rationem
1154 316 1250 349 habet
1266 317 1305 349 de
1323 324 1412 361 parte
1427 318 1618 358 anatomica,

298 378 330 402 et
351 372 409 402 hac
430 371 468 401 de
491 382 523 402 re
545 371 735 403 decisionem
756 372 893 414 profert,
918 371 1035 414 absque
1058 383 1095 403 eo
1118 377 1155 403 ut
1173 371 1403 403 animadvertat
1423 371 1542 403 radices
1562 383 1621 403 an—

299 425 427 455 teriores
448 430 479 455 et
501 425 685 466 posteriores
707 436 879 457 nervorum
902 425 1128 457 vertebralium
1154 431 1223 468 post
1244 437 1332 457 suam
1355 427 1509 469 originem
1532 426 1622 457 Gan-

299 477 383 519 glion
410 477 585 508 efformare.

343 531 420 561 Haec
448 532 615 562 methodus
641 531 803 563 refutandi
828 531 1045 573 experimenta
1070 542 1134 562 suae
1159 532 1300 574 opinioni
1321 532 1492 572 contraria,
1513 543 1622 564 revera

299 584 431 626 simplex
452 590 483 614 et
507 585 635 614 omnino
660 584 806 626 expedita
826 589 882 614 est.
915 584 1000 614 Dum
1021 584 1107 614 enim
1131 584 1235 627 aliqua
1263 586 1369 628 opinio
1394 585 1447 616 alii
1469 586 1623 616 contraria

298 636 457 679 probanda
482 643 544 675 est,
573 648 636 667 non
660 643 785 668 tantum
813 637 948 669 vitandae
974 643 1049 668 sunt
1075 637 1281 669 absurditates
1302 645 1334 669 et
1359 639 1490 670 haereses
1513 644 1625 670 anato-

299 692 404 730 micae,
428 702 539 722 verum
559 692 653 721 etiam
672 691 758 722 haud
779 690 1006 733 disputandum
1026 696 1072 721 est
1094 691 1197 722 verbis
1217 691 1370 722 insidiosis
1390 698 1422 722 et
1442 691 1524 723 male
1545 691 1625 722 desi-

298 745 387 784 nitis,
414 755 473 775 nec
498 744 591 775 simul
612 745 645 775 in
669 744 810 776 medium
831 744 1020 787 proferenda
1040 750 1116 775 sunt
1135 751 1322 787 argumenta
1344 746 1491 788 captiosa.

344 798 426 828 Clar.
452 798 669 829 Riclierandus
693 799 726 828 in
751 804 859 830 octava
885 809 950 829 suae
978 797 1181 840 physiologice
1205 798 1343 829 editione
1365 798 1413 841 (1)
1437 798 1476 829 de
1502 798 1625 829 actione

298 862 471 883 nervorum
491 851 639 894 loquenS,
660 850 780 882 scribit:
805 852 895 882 Actio
916 850 1007 882 fluidi
1028 852 1138 883 nervei
1159 851 1198 882 ad
1216 851 1419 894 producenda
1442 847 1631 883 sensationis‘

298 906 507 948 phaenomena
528 905 634 936 locum
651 905 746 936 habet
761 904 800 936 ab
818 905 1018 936 extremitate
1038 915 1210 937 nervorum
1226 916 1334 937 versus
1349 904 1533 944 cerebrum,
1550 916 1624 936 cum

299 958 434 1001 ligatura
469 970 662 997 nervorum,
701 958 938 989 sensibilitatem
965 959 1104 1000 partium
1135 958 1194 989 sub
1221 959 1280 990 hac
1311 959 1447 1002 ligatura
1472 959 1625 998 sitarum,

299 1014 491 1055 exstinguat.
518 1014 618 1049 Dum,
639 1013 687 1042 uti
705 1013 736 1041 in
759 1023 815 1042 suo
836 1012 905 1041 loco
925 1011 1117 1049 videbimus,
1140 1012 1207 1041 haec
1229 1012 1309 1041 actio
1329 1023 1346 1042 a
1368 1011 1497 1042 cerebro
1519 1023 1627 1042 versus

301 1067 515 1096 extremitates
542 1075 673 1095 nerveas
698 1070 729 1094 et
754 1076 770 1093 a
793 1070 902 1094 centro
929 1075 1037 1095 versus
1059 1064 1272 1106 peripheriam
1299 1075 1365 1094 sese
1392 1071 1560 1107 propagat,
1590 1071 1627 1095 ut

301 1125 405 1150 motus
428 1119 528 1148 omnis
550 1117 673 1159 generis
695 1116 923 1158 producantur.
952 1116 1080 1158 Duplex
1103 1116 1157 1146 ille
1177 1116 1282 1147 fluxus
1302 1117 1335 1146 in
1355 1127 1482 1148 sensum
1501 1124 1628 1148 contra-

302 1173 387 1203 rium
407 1171 486 1202 effici
513 1176 615 1213 potest
639 1180 698 1212 ope
719 1169 904 1200 eorumdem
926 1180 1116 1209 nervorum,
1138 1180 1198 1199 nec
1218 1169 1271 1199 hic
1297 1180 1375 1212 opus
1398 1175 1444 1200 est
1466 1169 1626 1212 duplicem

303 1237 413 1257 eorum
434 1224 576 1255 ordinem
598 1224 810 1266 distinguere,
831 1223 965 1266 illosque
985 1222 1044 1254 sub
1068 1221 1325 1254 denominatione
1345 1223 1578 1254 sensitlvorum
1597 1229 1629 1255 et·

301 1279 510 1309 motoriorum
535 1278 741 1319 distinguere.

346 1333 387 1363 At
407 1332 440 1362 in
459 1343 542 1362 nona
562 1337 594 1361 et
614 1330 727 1362 ultima
748 1330 797 1360 sui
818 1331 920 1372 operis
939 1329 1076 1360 editione
1097 1328 1144 1371 (2)
1165 1330 1290 1362 veritati
1310 1340 1421 1360 manus
1442 1330 1538 1361 victas
1553 1329 1627 1361 dare

304 1391 444 1425 00301115,
463 1385 573 1416 Clarus
595 1384 648 1415 ille
664 1384 721 1415 Vir
742 1384 889 1426 sequenti
905 1383 997 1414 niodo
1017 1384 1155 1426 priorem
1171 1394 1259 1415 suam
1279 1384 1461 1425 opinionem
1478 1384 1627 1415 mutavit:

305 1439 423 1481 duplex
455 1439 509 1469 ille
539 1438 644 1469 fluxus
676 1439 709 1469 in
739 1449 866 1469 sensum
894 1438 1088 1468 contrarium
1121 1449 1184 1468 non
1211 1437 1346 1468 efficitur
1371 1448 1431 1479 ope
1457 1448 1629 1468 nervorum

305 1492 506 1531 eorumdem3
529 1504 602 1522 113111
623 1492 669 1522 1111
690 1491 752 1534 jam
769 1492 920 1531 vidimus,
940 1491 1038 1523 dividi
1058 1497 1187 1534 possunt
1203 1492 1236 1522 in
1256 1491 1333 1523 duos
1354 1491 1493 1531 ordines,
1519 1497 1551 1523 et
1571 1491 1631 1523 sub

305 1547 561 1578 denominatione
584 1557 754 1577 nervorum
777 1546 1009 1576 sensitivorzcm
1030 1551 1062 1576 et
1082 1546 1291 1575 motor-iorum
1314 1544 1482 1587 designari.

349 1600 490 1631 Sufficiet
520 1599 609 1630 nobis
638 1599 690 1630 hic
722 1600 830 1630 citasse
862 1600 1016 1630 minorem
1046 1599 1138 1630 illum
1166 1610 1338 1630 numerum
1367 1605 1629 1641 argumentorum

307 1655 481 1686 existentiae
510 1646 657 1685 binorum
684 1654 832 1685 ordinum
861 1664 1033 1685 nervorum
1060 1653 1302 1684 contrariorum.
1336 1652 1440 1683 Facile
1468 1653 1550 1684 foret
1577 1652 1630 1683 hic

308 1719 454 1739 enarrare
478 1708 577 1747 ideas,
605 1719 683 1750 quas
710 1713 853 1739 auctores
872 1706 1004 1749 plurimi
1026 1706 1246 1749 protulerunt,
1269 1711 1306 1737 ut
1326 1705 1409 1736 hanc
1431 1706 1629 1736 existentiam

269 1763 273 1767 ’
308 1762 502 1794 refutarent:
529 1762 581 1792 sed
604 1761 689 1803 quod
709 1762 781 1792 satis
801 1761 997 1800 mirandum,
1022 1772 1130 1792 omnes
1150 1761 1207 1803 qui
1228 1760 1267 1790 de
1288 1758 1505 1790 functionibus
1526 1759 1631 1789 mixtis

307 1814 405 1858 hujus
436 1815 610 1857 systematis
640 1814 771 1853 nervei,
807 1814 898 1858 cujus
928 1820 1122 1846 structuram
1151 1820 1247 1857 atque
1283 1813 1488 1856 proprietates
1517 1824 1631 1855 parum

309 1869 555 1912 cognoscebant,
577 1868 713 1899 scribere
735 1868 922 1909 voluerunt,
945 1880 1069 1911 semper
1092 1868 1155 1899 alte
1176 1865 1358 1898 sonantibus
1378 1865 1479 1896 verbis
1499 1865 1632 1908 probare

310 1923 412 1953 conati
426 1928 499 1953 sunt
522 1921 589 1953 illas
608 1921 845 1963 somniationeS‚
866 1934 943 1966 quas
954 1923 1127 1954 exaltatum
1144 1921 1271 1952 illorum
1284 1917 1450 1950 cerebrum
1467 1918 1630 1962 gignebat,

371 2039 413 2066 (1)
431 2038 508 2064 Paris,
529 2038 592 2060 1820.
614 2038 662 2060 vol.
680 2039 716 2064 11,
741 2045 794 2068 pag.
814 2038 863 2060 163.

372 2078 411 2105 (2)
428 2076 508 2105 Paris,
528 2077 591 2099 1825.
611 2077 659 2099 vol.
680 2079 717 2106 11,
734 2085 788 2108 pag.
809 2078 858 2107 178.
