1809 2469
918 229 928 270 <
955 229 995 259 ³ss
1021 229 1031 270 >

312 309 452 344 tvnpmv
488 304 684 345 praesontiain
714 304 744 333 in
777 301 854 333 tubo
883 300 1026 342 ampliori
1054 301 1117 342 ipsa
1155 300 1355 343 singulorum
1391 301 1634 344 telescopiorum

310 356 544 386 ‹wurdt-notione
568 356 706 387 excludi.
738 357 847 397 ltaque
867 355 1016 393 snssicict,
1044 355 1192 386 universe
1215 354 1387 394 affirmare,
1407 355 1440 386 in
1460 355 1509 386 his
1530 356 1635 386 omni-

309 409 368 438 bns
390 416 449 439 tan]
475 410 706 451 excogitandis,
734 421 828 451 quain
852 408 1041 446 elliciendls,
1063 407 1143 438 nihil
1164 409 1293 439 omnino
1314 408 1497 450 neglectum
1519 409 1632 447 fuisse,

310 462 402 503 cujus
424 462 596 493 hodiernus
619 462 857 504 disciplinarum
885 460 933 492 rel
959 461 1135 503 opticarum
1160 460 1211 493 vel
1232 461 1513 492 astronomicarum
1537 467 1635 492 status

309 515 435 556 aliquod
459 515 649 546 desiderium
678 517 815 546 excitare
839 515 943 556 possit.

355 568 491 598 l’roindc
518 568 579 611 jam
604 569 684 599 nihil
711 568 799 598 nobis
824 567 1060 610 explanandum
1087 574 1203 599 restare
1230 568 1356 600 videtur
1384 574 1500 610 praeter
1530 573 1635 598 struc-

310 626 412 650 turam
435 621 660 660 sustentaculi,
688 621 884 662 modumque
907 632 970 662 quo
993 620 1123 652 diversae
1144 621 1229 652 illius
1249 627 1353 664 partes
1379 627 1479 663 agunt
1501 621 1538 651 ad
1559 633 1634 663 pro-

309 673 469 703 ducendos
497 675 590 703 totius
620 674 779 716 telescopii
806 680 909 704 motus
935 673 1124 705 desideratos
1151 673 1183 705 in
1209 675 1304 717 plano
1332 675 1383 707 vel
1414 674 1554 706 verticali
1584 674 1635 706 vel

309 725 462 756 horizonti
486 726 644 767 parallelo.

353 779 400 808 Ad
425 779 512 809 hunc
533 785 719 821 apparatum
746 779 831 822 quod
855 780 987 819 attinet,
1013 786 1114 811 totum
1137 780 1389 824 sustentaculum
1412 781 1453 811 ita
1476 779 1635 811 fabrefac-

310 838 377 862 tum
400 838 459 871 est,
487 839 523 864 ut
545 833 660 863 dubius
681 833 817 872 haereas,
843 840 1012 865 structurae
1037 833 1272 875 simplicitatem
1294 845 1333 864 an
1358 834 1566 876 elegantiam,
1595 845 1634 863 an

308 885 340 914 in
368 886 505 916 motibus
534 888 713 917 necessariis
741 887 952 929 producendis
983 887 1190 926 facilitatem,
1222 887 1499 926 commoditatem,
1538 897 1636 917 accu-

308 940 503 970 rationemve
549 941 647 983 magis
690 940 858 972 admirere.
905 942 1034 983 Quippe
1083 947 1184 971 totum
1227 940 1478 971 sustentaculum
1515 945 1637 970 constat

309 1002 414 1022 mensa
437 993 646 1035 quadrantem
672 995 869 1033 sustinente,
905 993 997 1037 cujus
1021 993 1107 1024 radio
1129 993 1305 1035 superiori,
1329 993 1395 1024 sive
1418 1005 1512 1035 supra
1542 1004 1635 1023 men—

307 1057 371 1075 satn
408 1047 621 1088 prominenti,
656 1048 839 1090 impositum
871 1053 917 1077 est
948 1046 1165 1088 telescopiuni.
1202 1046 1309 1077 Mensa
1344 1047 1460 1076 insistit
1497 1052 1635 1088 quatuor

308 1098 442 1140 pedibus
464 1100 496 1129 in
518 1100 634 1130 rotulas
655 1101 830 1131 terminatis
855 1111 1093 1142 quaquaversus
1114 1099 1275 1130 liberrime
1297 1100 1477 1139 versatiles,
1501 1100 1578 1131 adeo
1601 1106 1637 1131 nt

308 1156 410 1181 totum
443 1152 692 1184 instrumentum
724 1153 847 1184 duobus
877 1152 983 1194 digitis
1011 1152 1104 1183 facile
1134 1152 1203 1183 loco
1230 1154 1350 1184 moveri
1381 1154 1486 1195 possit.
1519 1154 1635 1184 Mensae

307 1203 422 1234 tabula·
444 1205 620 1236 secundum
644 1205 778 1236 mediam
803 1206 1037 1248 longitudinem
1059 1206 1170 1236 incisio
1196 1206 1278 1237 facta
1304 1212 1370 1245 est,
1397 1207 1579 1249 recipiendo
1599 1218 1635 1238 ac

307 1258 549 1289 transmittendo
572 1259 739 1301 quadranti
762 1259 886 1290 idonea.
917 1259 1037 1290 Vertex
1060 1259 1170 1302 auguli
1191 1260 1288 1299 recti,
1313 1259 1351 1290 ab
1374 1259 1526 1290 ambobus
1553 1271 1636 1302 qua-

307 1310 425 1340 drantis
449 1311 542 1341 radiis
565 1312 706 1350 formati,
726 1311 883 1354 trajicitur
906 1323 965 1343 axe
990 1311 1082 1355 cujus
1104 1318 1246 1343 extrema
1268 1312 1439 1355 cylindrica
1464 1313 1635 1355 excipiun-

306 1369 358 1393 tur
391 1363 563 1402 cheloniis,
594 1365 750 1395 excavatis
778 1365 811 1395 in
838 1365 962 1396 duobus
988 1365 1135 1408 quadris,
1166 1377 1281 1396 mensae
1308 1365 1345 1396 ad
1377 1366 1509 1409 angulos
1534 1372 1635 1397 rectos

305 1417 426 1453 infixis,
449 1428 584 1458 quorum
606 1417 740 1448 alterum
763 1419 904 1449 cernitur
929 1419 1009 1448 Tab.
1028 1417 1059 1449 I.
1083 1418 1121 1449 ad
1145 1418 1305 1458 dextram,
1324 1419 1461 1450 alterum
1484 1420 1634 1451 Tah.11.

306 1469 345 1499 ad
366 1470 534 1500 sinistram.
562 1471 723 1512 Superiori
745 1471 929 1513 quadrantis
956 1471 1043 1502 radio
1065 1477 1128 1502 tres
1147 1472 1282 1511 tabnlae,
1310 1478 1342 1503 et
1361 1472 1459 1515 liujus
1483 1473 1578 1515 plano
1604 1479 1636 1503 et

305 1523 388 1553 inter
419 1534 451 1552 se
478 1523 655 1564 parallelae,
691 1526 844 1566 impositae
875 1531 970 1563 sunt,
1006 1525 1045 1556 de
1075 1536 1212 1567 quarum
1245 1537 1302 1556 usu
1336 1537 1407 1556 mox
1443 1526 1633 1556 videbimus.

306 1576 426 1606 Harum
453 1576 631 1608 tabularum
654 1589 827 1620 supremae,
845 1578 883 1609 ad
900 1578 991 1609 ambo
1007 1578 1092 1610 illius
1109 1585 1268 1619 extrema,
1290 1579 1354 1610 duo
1372 1575 1492 1622 quadra
1513 1579 1630 1623 majora

305 1629 343 1659 ad
371 1629 504 1671 angulos
534 1637 635 1661 rectos
663 1632 760 1662 infixa
795 1639 889 1672 sunt,
929 1633 1032 1663 exciso
1064 1639 1228 1675 segmento
1262 1633 1490 1664 semicirculari
1520 1633 1632 1664 idonea

307 1682 426 1713 reddita
453 1682 614 1725 telescopii
635 1683 712 1714 tubo
733 1685 920 1726 excipiendo
939 1691 986 1724 et,
1010 1697 1111 1728 usque
1127 1686 1165 1717 ad
1185 1687 1440 1718 intersectionem
1457 1687 1543 1717 illius
1560 1699 1634 1718 cum

306 1734 416 1776 plano,
440 1735 554 1766 tabulis
574 1735 740 1777 parallelo,
766 1748 822 1779 per
843 1749 935 1768 axem
958 1738 1093 1778 saetam,
1121 1739 1352 1782 amplectendo.
1384 1740 1430 1770 Ut
1449 1747 1554 1771 autem
1584 1747 1634 1772 te-

305 1788 479 1830 lescopium
503 1790 535 1819 in
565 1791 650 1820 omui
674 1792 751 1821 situs
773 1792 948 1822 mutatione
969 1792 1109 1823 eundem
1135 1793 1167 1823 in
1190 1792 1405 1823 sustentaculo
1426 1793 1532 1824 locum
1555 1805 1633 1825 con-

306 1847 424 1872 stanter
445 1848 625 1881 conservet,
647 1854 665 1873 e
683 1843 752 1874 tubi
773 1846 940 1886 superficie
958 1845 1102 1877 inferiori
1119 1847 1301 1888 prominent
1317 1846 1380 1877 duo
1399 1847 1508 1888 paxilli
1529 1847 1633 1890 cylin-

306 1894 401 1933 drici,
429 1896 584 1937 capitibus
601 1896 789 1939 largioribus
811 1899 976 1939 instructi,
1001 1905 1034 1931 et
1056 1899 1166 1930 eodem
1189 1911 1205 1930 a
1224 1910 1257 1930 se
1277 1899 1444 1932 intervallo
1465 1900 1631 1939 distantes,

306 1948 391 1989 quod
416 1948 620 1993 interjectum
644 1956 691 1981 est
711 1953 938 1993 superficiebus
959 1953 1170 1985 anterioribus
1195 1953 1390 1995 quadrorum
1418 1954 1510 1984 modo
1544 1966 1633 1986 com-

306 2008 563 2034 memoratorum.
589 2000 711 2035 Horum
729 2005 924 2047 quadrorum
946 2006 1011 2037 basi
1030 2007 1064 2038 in
1083 2006 1184 2037 media
1206 2006 1376 2038 latitudine
1395 2007 1529 2038 firmiter
1548 2007 1633 2039 affixi
