1809 2469
921 249 934 292 (
957 249 999 290 54
1023 249 1034 292 )

316 328 485 366 institutae,
513 322 733 357 convulsiones
757 320 1011 355 determinabant
1035 322 1195 365 praecipue
1218 321 1251 353 in
1278 322 1407 366 regione
1434 322 1578 354 mediana
1606 330 1638 356 et

317 381 451 413 caudali.
479 379 581 410 Etiam
603 377 778 409 denudavit
796 376 829 407 in
845 375 942 406 altera
961 373 1114 406 Columba
1136 376 1411 406 intumescentiam
1432 376 1636 416 anteriorem,

317 440 349 465 et
369 432 483 465 deinde
498 432 665 475 separatim
681 430 758 462 duas
773 430 842 473 ejus
860 434 964 471 partes
979 427 1123 458 laterales
1139 428 1291 467 irritavit3
1313 429 1521 460 irritationem
1541 430 1638 472 partis

318 485 456 517 dimidiae
484 485 602 516 dextrae
629 484 754 526 excepit
788 482 915 525 agitatio
946 481 1002 511 alae
1029 480 1169 520 dextrae,
1203 487 1235 511 et
1262 481 1349 512 illam
1374 482 1471 524 partis
1502 482 1639 513 dimidiae

318 541 470 578 sinistrae,
493 538 620 581 agitatio
641 537 699 568 alae
720 537 870 574 sinistrae3
897 534 1065 565 irritationi
1090 534 1188 575 ipsius
1213 535 1313 564 centri
1338 535 1487 565 successit
1512 536 1640 577 agitatio

318 593 458 635 partium
485 590 678 622 caudalium.
705 589 742 619 Iu
766 589 856 620 tertia
891 586 1044 618 Columba
1075 587 1249 619 denudavit
1278 594 1375 618 totam
1407 588 1641 627 longitudinem

317 644 466 676 medullae
484 643 612 686 spinalis
638 643 720 673 inter
745 642 834 672 binas
855 641 1114 672 intumescentias
1138 647 1329 672 contentam.
1359 641 1511 673 Similiter
1535 642 1642 674 irrita—

318 699 419 729 tiones
446 698 542 740 partis
566 696 684 727 dextrae
702 720 710 735 ,
745 695 965 728 convulsiones
994 705 1119 737 semper
1143 705 1159 725 a
1187 694 1305 725 dextris
1336 701 1565 737 provocarunt;
1592 696 1642 726 uti

318 752 380 783 illae
409 751 506 794 partis
530 750 662 780 sinistrae
693 749 749 780 has
773 761 789 780 a
815 750 946 780 sinistris
972 748 1204 791 produxerunt.
1245 748 1387 780 Tandem
1414 749 1642 780 irritationibus

319 808 352 837 in
373 811 482 836 centro
502 803 622 835 effectis
645 803 796 834 insecutae
820 809 894 834 sunt
917 802 1138 834 convulsiones
1162 801 1274 832 centri.
1298 802 1359 833 Sed
1384 802 1437 832 hic
1457 803 1643 845 supervenit

318 859 487 902 peculiaris
511 857 658 900 quaedam
682 857 938 896 circumstantia,
968 867 1085 898 nempe
1110 856 1187 887 dum
1213 855 1252 886 ad
1278 856 1432 898 aequalem
1463 856 1642 888 distantiam

319 914 408 945 binas
428 911 689 943 intumescentias
711 911 863 949 irritavit,
889 910 1109 941 convulsiones
1135 919 1200 939 sese
1220 909 1465 940 manifestarunt
1487 909 1526 940 ad
1550 921 1644 941 crura

320 973 352 998 et
373 966 412 997 ad
432 965 504 997 alas.
531 965 557 994 E
576 969 684 995 contra
705 964 782 995 dum
805 970 878 995 ante
893 963 945 995 vel
965 969 1034 1006 post
1055 962 1133 994 illud
1156 968 1312 1005 punctum
1331 962 1473 993 medium
1492 963 1644 994 irritatio-

321 1031 395 1051 nem
426 1017 612 1056 exercebat,
643 1017 863 1048 convulsiones
888 1015 1216 1058 praedominabantur;
1244 1015 1296 1046 vel
1321 1017 1432 1054 etiam,
1459 1017 1484 1046 si
1511 1017 1644 1047 irritatio

322 1073 400 1103 levis
410 1076 493 1109 erat:⁷
507 1068 726 1099 limitabantur
743 1068 795 1100 vel
809 1068 847 1099 ad
861 1080 953 1099 crura
970 1068 1021 1100 vel
1036 1068 1075 1098 ad
1091 1068 1168 1107 alas,
1185 1068 1292 1110 prouti
1309 1074 1466 1110 punctum
1485 1070 1644 1100 irritatum

321 1127 407 1157 hisce
438 1124 539 1154 illisve
571 1122 643 1164 plus
670 1122 776 1152 minus
800 1122 942 1152 vicinum
969 1127 1045 1151 erat.
1073 1121 1175 1162 Igitur
1198 1121 1250 1151 illa
1276 1123 1493 1163 experimenta
1519 1122 1645 1153 abunde

322 1179 471 1222 probant,
498 1175 584 1219 quod
609 1176 643 1206 in
664 1174 804 1206 medulla
823 1174 936 1218 spinali
959 1173 1179 1207 convulsiones
1204 1185 1328 1217 semper
1353 1175 1564 1218 respondeant
1587 1177 1646 1218 ipsi

322 1233 413 1265 lateri
436 1231 567 1262 irritato.

367 1287 400 1316 Si
419 1287 453 1316 in
469 1283 622 1315 Columba
641 1282 823 1314 denudatur
838 1282 1049 1321 cerebellum,
1067 1288 1162 1325 atque
1179 1282 1204 1312 si
1221 1281 1336 1313 deinde
1352 1284 1519 1324 puncturis
1533 1294 1646 1325 super—

322 1338 477 1371 ficialibus
506 1336 711 1368 submittetur
737 1342 838 1367 totum
862 1336 946 1367 latus
970 1335 1118 1367 dextrum
1146 1334 1243 1379 hujus
1268 1337 1393 1378 organi,
1421 1337 1522 1367 oritur
1542 1337 1646 1368 statim

324 1395 357 1424 in
373 1393 470 1424 latere
492 1392 616 1422 sinistro
634 1389 778 1421 debilitas
796 1391 868 1420 satis
885 1389 1063 1420 manifesta.
1088 1389 1118 1420 Si
1137 1389 1295 1420 mutilatio
1315 1389 1470 1421 limitatur
1487 1390 1525 1421 ad
1544 1396 1647 1433 partes

325 1447 486 1479 medianas
510 1444 676 1484 cerebelli,
700 1443 844 1475 debilitas
869 1443 1101 1486 propemodum
1120 1442 1231 1473 eadem
1255 1448 1302 1473 est
1324 1443 1358 1473 in
1379 1442 1459 1474 binis
1485 1443 1645 1475 lateribus.

369 1498 555 1531 Auferendo
570 1499 603 1529 in
621 1498 774 1529 Columba
794 1497 999 1529 tuberculum
1016 1496 1294 1539 quadrigeminum
1309 1497 1486 1536 sinistrum,
1506 1497 1649 1529 debilitas

326 1554 575 1599 praedominatur
594 1554 627 1583 iu
645 1552 745 1583 latere
767 1552 890 1583 dextro.
913 1551 1107 1582 Irritationes
1125 1549 1285 1581 tuberculi
1305 1550 1409 1581 dextri
1427 1561 1552 1593 semper
1568 1562 1650 1594 quo—-

327 1619 390 1651 que
410 1607 624 1638 determinant
645 1605 865 1650 convulsiones
885 1618 901 1636 a
925 1605 1072 1644 sinistri53
1096 1610 1128 1635 et
1147 1604 1209 1635 illae
1226 1604 1331 1635 lateris
1349 1604 1465 1635 sinistri
1486 1616 1502 1635 a
1519 1604 1646 1636 dextris.

328 1662 375 1693 Cl.
405 1661 559 1692 Flourens
583 1661 617 1691 in
648 1660 802 1691 Columba
831 1659 1006 1691 medullam
1037 1658 1235 1700 oblongatam
1270 1657 1463 1697 denudavit,
1494 1658 1648 1690 cerebello

328 1716 444 1758 praevie
465 1719 620 1753 resecato,
642 1719 675 1744 et
693 1713 808 1744 deinde
827 1713 994 1756 separatim
1015 1712 1092 1743 duas
1110 1717 1214 1754 partes
1232 1710 1318 1741 illius
1336 1710 1479 1741 laterales
1496 1711 1647 1751 irritavit3

329 1768 519 1800 irritationes
535 1767 633 1808 partis
649 1766 769 1798 dextrae
785 1777 909 1809 semper
930 1765 1149 1799 convulsiones
1164 1776 1180 1795 a
1201 1764 1321 1795 dextris
1338 1770 1564 1806 provocarunt,
1587 1765 1648 1796 illae

329 1822 427 1864 partis
448 1820 582 1850 sinistrae
607 1831 624 1850 3
645 1820 787 1850 sinistris.
817 1820 899 1858 Quae
923 1820 956 1850 in
983 1825 1092 1850 centro
1115 1819 1249 1849 fuerunt
1276 1818 1427 1849 institutae
1451 1817 1490 1849 ad
1515 1818 1648 1850 caudam

332 1873 551 1906 convulsiones
573 1873 827 1904 manifestarunt.
850 1873 1079 1912 Mutilationes‚
1101 1882 1179 1914 quas
1194 1882 1265 1914 pars
1285 1870 1406 1900 sinistra
1422 1870 1528 1902 fuerat
1546 1883 1647 1914 passa,

331 1928 492 1971 praecipue
514 1925 596 1956 latus
615 1926 776 1957 sinistrum
801 1925 1023 1965 debilitarunt3
1045 1936 1122 1968 quas
1142 1936 1214 1967 pars
1233 1924 1359 1963 dextra,
1384 1923 1466 1955 latus
1488 1924 1646 1956 dextrum.

332 1981 480 2023 Denique
500 1990 577 2022 quas
597 1985 743 2010 centrum
767 1979 873 2010 fuerat
896 1985 1082 2021 expertum,
1109 1977 1242 2009 caudam
1265 1976 1451 2008 afficiebant.

376 2035 424 2065 Ut
442 2032 635 2076 peculiarem
656 2031 739 2064 hanc
758 2033 890 2064 effectos
910 2033 1136 2075 oppositionem
1157 2031 1241 2062 inter
1260 2030 1434 2062 medullam
1451 2030 1649 2074 oblongatam
