1809 2469
903 235 913 277 (
937 237 957 265 2
981 236 992 277 )

326 309 355 339 J.
381 309 575 340 LEMAIRE.
603 307 699 351 Prof.
723 308 901 339 Extraord.
927 309 1185 338 Astronomiam
1206 307 1390 350 Phys-icam
1410 315 1441 339 et
1464 308 1602 340 Mathe-

283 364 440 393 maticam
460 362 578 402 tradet,
600 362 710 394 diebus
731 363 846 401 Lunae,
868 361 975 392 Martis
995 367 1027 392 et
1045 361 1210 400 Mercurii,
1234 361 1310 392 horit
1331 361 1386 392 IV.

327 417 361 447 C.
388 416 425 446 A.
452 416 658 447 BERGSMA.
689 415 784 458 Prof.
810 413 988 446 Extraord.
1018 414 1095 445 Suas
1115 413 1234 444 scholas
1255 420 1359 457 postea
1380 413 1542 445 indicabit.

632 518 760 564 Ordo
803 516 1262 564 Jarisconsultorum.

327 626 363 655 P.
395 625 424 655 J.
455 626 511 656 DE
539 625 745 655 RYCKERE.
782 624 973 654 Historiam
1001 629 1034 653 et
1061 624 1304 665 Antiquitates
1339 623 1432 654 Juris
1462 623 1606 654 Romani

284 678 386 710 tradet
406 678 517 709 diebus
538 680 636 709 Lunae
655 684 687 709 et
706 678 829 716 Martis,
855 676 932 707 hor&
953 677 999 715 X,
1024 675 1074 706 die
1095 676 1262 715 Mercurii,
1283 675 1360 707 hor&
1380 676 1437 706 XI.

326 732 560 762 Institutiones
581 731 787 766 justiniani,
815 730 939 760 collatas
960 741 1033 760 cum
1055 728 1236 771 purioribus
1255 729 1342 759 Juris
1359 728 1605 760 ante-Justinia-

283 786 336 815 nei
358 784 512 822 scutilum,
534 790 565 814 et
587 784 759 825 praesertim
781 794 854 813 cum
870 782 1038 812 novissime
1063 782 1223 812 Veronae
1241 782 1374 823 repertis
1401 781 1477 822 Caji
1498 782 1606 812 Insti-

285 837 487 872 tutionibns‚
513 836 683 878 explicabit
704 835 815 866 diebus
834 835 936 873 Jovis,
959 834 1093 865 Veneris
1116 840 1148 864 et
1169 834 1313 874 Saturni,
1337 835 1414 866 hora
1431 835 1489 865 XI.

328 889 520 919 Pandectas
540 888 800 931 interpretabitur
823 887 934 919 diebus
955 887 1122 927 Mercurii,
1137 887 1239 927 Jovis,
1258 887 1392 918 Veneris
1412 893 1444 919 et
1462 888 1606 926 Saturni,

285 942 361 973 hor&
386 943 427 972 X.

330 995 359 1025 J.
384 995 413 1025 J.
440 995 560 1025 HAUS.
585 995 647 1025 Jns
671 995 838 1025 Naturale
864 993 1054 1037 explicabit,
1082 992 1194 1024 diebus
1217 993 1319 1033 Jovis,
1342 993 1475 1024 Veneris
1497 999 1529 1024 et
1551 993 1608 1023 Sa—

286 1049 390 1087 turni,
415 1048 492 1079 horst
517 1050 653 1084 octavd,
678 1048 853 1079 secuudum
876 1047 994 1078 librum
1015 1058 1125 1078 suum:
1149 1047 1325 1078 Elementa
1346 1047 1502 1077 doctrinae
1515 1045 1608 1088 juris

284 1101 524 1142 philosophico?
545 1102 615 1131 sive
629 1100 722 1142 juris
745 1101 923 1131 naturalis.
951 1099 1094 1132 Gandavi
1118 1100 1213 1139 1824.

331 1154 393 1184 Jns
417 1154 597 1184 Publicnm
619 1154 798 1196 Belgicam
820 1153 960 1193 docebit,
991 1153 1102 1184 diebus
1126 1153 1242 1192 Luuae,
1262 1152 1370 1183 Martis
1390 1158 1422 1183 et
1443 1152 1610 1190 Mercurii,

286 1207 363 1238 hor&
379 1208 513 1237 octavd:
535 1217 635 1248 eoque
651 1207 755 1245 finito,
779 1206 842 1236 Jns
863 1205 1018 1236 Gentium
1034 1206 1276 1245 Europoearum
1290 1206 1482 1235 hodiernam
1497 1204 1609 1235 tradet.

331 1260 394 1290 Jns
426 1260 604 1289 Criminale
633 1259 825 1288 hodiernam
849 1263 986 1299 exponet
1013 1257 1124 1288 diebus
1148 1259 1264 1297 Lunae,
1295 1258 1419 1296 Martis,
1444 1258 1610 1297 Mercurii,

288 1311 373 1342 Jovis
393 1317 424 1341 et
443 1311 593 1349 Veneris,
617 1311 694 1341 hor&
721 1310 828 1340 tertiti.

332 1364 369 1394 B.
387 1365 420 1394 F.
438 1364 468 1394 J.
485 1363 571 1394 VAN
589 1363 821 1394 WAMBEKE.
845 1363 938 1393 Juris
958 1363 1068 1393 civilis
1084 1363 1234 1394 hodierni
1253 1363 1404 1395 Codicem
1420 1365 1613 1406 interpreta-

289 1417 390 1457 bitur,
407 1416 517 1448 diebus
528 1418 641 1456 Lunae,
658 1417 780 1456 Martis,
797 1417 963 1456 Mercurii,
976 1417 994 1447 J
997 1418 1075 1456 ovis,
1088 1416 1221 1447 Veneris
1231 1422 1263 1447 et
1272 1417 1415 1457 Saturni,
1427 1417 1504 1448 hor&
1513 1420 1610 1448 nond.

335 1471 382 1501 De
391 1470 591 1512 procedendi
606 1472 733 1501 ratione
750 1471 783 1500 in
797 1472 911 1501 causis
924 1471 1082 1501 civilibus
1096 1470 1312 1514 praelectiones
1327 1476 1396 1502 tum
1412 1471 1612 1510 theoreticas,

293 1529 360 1555 tum
382 1525 534 1567 practicas
549 1523 693 1564 habebit,
710 1524 821 1555 diebus
834 1525 1001 1565 Mercurii,
1022 1525 1041 1555 J
1043 1525 1108 1557 ovis
1122 1531 1154 1556 et
1169 1524 1303 1555 Veneris
1313 1548 1321 1564 ,
1334 1524 1410 1555 hora
1428 1525 1611 1556 undecim&

452 1627 580 1672 Ordo
616 1627 1009 1692 Philosophorum
1045 1639 1089 1673 et
1123 1629 1451 1673 Literatorum.

339 1735 379 1765 G.
402 1735 438 1765 L.
464 1735 621 1766 MAHNE.
651 1735 818 1776 Quotidie,
840 1736 878 1767 ab
900 1736 976 1767 hora
1000 1737 1031 1767 X
1051 1736 1090 1767 ad
1110 1736 1188 1775 XII,
1209 1735 1330 1767 scholas
1351 1734 1494 1774 habebit,
1517 1735 1614 1778 inque

294 1788 330 1818 iis
349 1788 480 1818 Literczs
501 1789 664 1825 Latinas,
690 1790 935 1831 Antiquitates
957 1790 1148 1826 Romanas,
1178 1795 1210 1820 et
1234 1789 1425 1820 Historiam
1449 1788 1616 1819 doctrina-

295 1852 384 1877 rum,
408 1852 480 1871 cum
497 1842 590 1882 apud
615 1841 763 1879 Graecos,
790 1849 859 1873 tum
879 1844 971 1884 apud
989 1844 1148 1880 Latinos,
1175 1842 1371 1874 auditoribus
1392 1842 1570 1885 explicabit.

339 1894 374 1923 L.
399 1893 439 1924 V.
464 1893 617 1924 RAOUL.
652 1895 734 1925 Hor&
756 1895 845 1935 VIII,
873 1896 983 1927 diebus
1002 1897 1119 1936 Lunae,
1147 1896 1270 1936 Martis,
1297 1895 1446 1927 Mercurii
1474 1901 1506 1926 et
1531 1894 1616 1926 Jovis

298 1946 487 1976 Historiam
508 1948 727 1979 universalem
748 1955 886 1979 veterem
910 1949 1024 1980 tradet.

340 1998 458 2030 Eadem
482 1999 574 2039 hora,
604 2000 714 2032 diebus
735 2001 868 2033 Veneris
888 2008 920 2033 et
946 2002 1091 2042 Saturni,
1117 2002 1348 2044 Xenophontis
1379 2001 1617 2043 Cyropaediczm

296 2052 566 2094 interpretabitur.
