1809 2469
751 230 762 271 (
786 230 825 264 57
852 231 863 272 )

140 300 350 331 minutissima
376 300 592 344 distinguendi
616 300 830 339 facilitasjut
855 302 953 343 illud,
985 307 1248 340 reconditioribus
1271 311 1346 341 coeli
1372 313 1471 343 mira—

139 352 219 383 culis
243 354 496 396 contemplandis
521 354 723 393 adliibitnm,
749 365 813 385 non
841 356 938 387 semel
965 357 1043 388 mihi
1068 359 1174 391 locum
1201 361 1342 403 dederit,
1371 364 1470 396 affatu

142 405 280 437 Urmzioe
302 406 439 446 directo,
465 407 682 438 exclamandi:

415 481 429 497 »
457 470 519 507 Quo
540 481 600 503 me,
626 471 720 504 Diva,
742 473 823 510 raJn's
851 474 895 500 tui
912 474 1080 511 plenum?”

180 526 283 557 Nemo
300 533 385 558 certe
401 539 416 558 a
434 528 564 570 speculo
584 530 745 572 perforato
757 532 941 575 hujusmodi
954 533 1105 565 effectum
1123 542 1307 578 exspectare
1324 550 1468 582 unquam

136 581 242 621 possit.

179 631 402 675 Telescopium
432 634 673 677 Gregoriamcm
699 636 801 680 majus
825 638 907 668 nulli
929 650 1040 671 eorum
1067 640 1195 680 cedere,
1228 654 1314 684 quae,
1332 656 1352 675 ‘a
1376 646 1469 687 prin—

135 684 259 726 cipibus
283 687 441 718 artificum
464 687 704 730 diligentissime
728 691 889 731 confecta,
912 693 945 723 in
969 692 1100 724 diversis
1120 695 1258 737 speculis
1277 700 1469 729 astronomi-

134 738 177 767 cis
198 739 317 779 optime
338 739 501 784 instructis
519 752 576 783 per
599 742 759 785 Europam
780 745 894 786 passim
919 746 1026 777 videre
1048 753 1145 790 atque
1162 750 1344 781 examinare
1360 751 1465 790 licuit,

133 790 213 820 mihi
235 792 507 833 persuasissimum
529 799 586 824 est.

179 842 333 873 Omnium
353 850 460 883 autem
486 847 755 887 perfectissimum
778 854 824 878 est.
848 850 1019 891 parvulum
1047 852 1254 895 telescopium
1286 855 1467 898 Gregorio—

132 906 232 931 mmz,
261 895 346 936 quod
373 897 453 927 coelo
476 909 587 928 sereno
612 899 645 929 in
671 899 797 939 lunam,
824 902 934 934 eadem
955 916 1104 947 vespera,
1131 918 1193 949 qua
1216 908 1254 938 ad
1278 920 1327 939 me
1349 900 1468 952 perve-¹

130 954 237 985 nerat,
259 960 448 980 conversum
471 951 657 982 immortalis
673 952 812 994 Mayeri
832 955 972 987 tabulam
991 958 1069 988 adeo
1082 965 1192 990 exacte
1209 961 1287 991 milii
1307 962 1462 1003 reddidit,

127 1004 165 1030 ut
190 1000 268 1031 mihi
290 1006 467 1043 temperare
492 1014 557 1033 non
582 1006 757 1046 potuerim,
783 1008 863 1049 quin
885 1009 1115 1042 exclamarem:

407 1077 422 1093 υ
451 1066 475 1094 Ο
497 1073 589 1096 matre
606 1069 734 1106 pulchra
753 1071 817 1108 filia
836 1073 1011 1109 pulchrior!
1021 1076 1040 1087 ”

173 1122 304 1165 Quippe
325 1124 358 1155 in
380 1124 565 1168 hujusmodi
585 1129 806 1160 venustatibus
825 1132 1055 1174 percipiendis,
1080 1145 1130 1172 ac,
1148 1135 1196 1165 uti
1219 1136 1319 1168 fidum
1339 1144 1462 1170 naturae

128 1176 337 1218 interpretem
358 1177 465 1214 decet,
491 1179 679 1220 reddendis,
702 1182 829 1213 difficile
850 1190 897 1214 est
919 1186 1060 1216 carmine
1085 1186 1254 1219 abstinere.

172 1228 254 1267 Quae
278 1230 316 1260 ad
340 1237 504 1263 externam
530 1233 731 1274 singulorum
757 1235 871 1268 horum
895 1238 1137 1281 telescopiorum
1164 1241 1279 1272 faciem
1301 1246 1462 1286 partium—

128 1292 192 1323 que
210 1284 437 1326 principalium
456 1291 649 1317 structuram
668 1294 828 1330 spectant,
851 1301 886 1321 ea
904 1292 1009 1321 omnia
1027 1303 1044 1322 e
1059 1292 1123 1323 solo
1140 1293 1316 1336 figurarum
1337 1298 1459 1330 intuitu

125 1334 219 1366 facile
240 1336 377 1379 intelligi
399 1337 477 1368 mihi
503 1350 690 1381 persuasum
711 1347 767 1372 est.
797 1342 848 1373 Sic
867 1354 895 1373 e.
917 1355 947 1386 g.
972 1345 1039 1375 sine
1055 1345 1152 1377 dubio
1168 1347 1300 1379 cuilibet
1318 1350 1459 1382 intuenti

123 1395 236 1431 sponte
250 1390 385 1431 patebit,
402 1393 546 1424 omnium
560 1392 676 1425 horum
690 1394 932 1438 telescopiorum
949 1397 1042 1428 tubos
1057 1410 1251 1442 omnemque
1268 1409 1457 1444 apparatum

123 1441 338 1483 producendis
358 1445 498 1486 partium
524 1446 661 1478 motibus
682 1448 909 1480 inservientem
935 1461 975 1480 ex
1000 1451 1158 1483 orichalco
1183 1453 1281 1495 probe
1307 1454 1457 1499 laevigato

124 1505 190 1525 esse
210 1495 372 1527 formatos.
397 1497 550 1529 Similiter
565 1500 701 1542 patebit,
720 1502 744 1533 si
764 1502 929 1533 oculus'ad
946 1503 1098 1535 tubulum
1114 1505 1275 1537 ocularem
1294 1508 1456 1552 telescopii

128 1547 328 1590 Gregorianz'
339 1551 530 1582 constitutus
540 1560 753 1595 supponatur,
770 1556 938 1598 speculum
950 1558 1056 1588 minus
1070 1558 1230 1602 telescopii
1239 1561 1456 1594 Neratoniani

122 1611 196 1631 cum
209 1604 526 1646 apparatu,regendo
539 1605 625 1636 illius
637 1608 737 1638 motui
751 1608 922 1648 destinato,
935 1610 974 1640 ad
983 1617 1105 1652 partem
1118 1613 1275 1644 sinistram
1286 1614 1384 1656 (Tab.
1394 1617 1453 1658 L),

120 1654 289 1695 speculum
305 1667 380 1686 vero
399 1657 504 1688 minus
515 1658 676 1701 telescopii
693 1660 891 1702 Gregoriani
903 1668 999 1704 atque
1017 1664 1294 1707 Cassegrailziani
1309 1679 1382 1698 cum
1395 1681 1454 1711 ap-

123 1712 252 1748 paratu,
266 1708 465 1739 moderandis
480 1721 591 1741 eorum
606 1711 743 1743 motibus
757 1712 888 1753 idoneo,
910 1715 948 1746 ad
965 1722 1087 1758 partem
1102 1718 1245 1749 dextram
1262 1720 1364 1761 (Tah.
1376 1723 1454 1764 11.)

122 1758 192 1789 tubi
215 1760 375 1802 amplioris
396 1761 520 1802 locum,
544 1763 715 1807 cujuslibet
734 1777 827 1809 scopo
851 1769 1112 1811 respondentem,
1134 1772 1303 1804 iuvenisse.
1330 1774 1367 1805 In
1389 1787 1451 1817 qua

122 1811 251 1853 quidem
275 1820 364 1854 parte
384 1813 494 1846 dextra
519 1822 656 1858 quatuor
680 1818 831 1859 cochleis,
858 1821 1019 1865 telescopii
1040 1830 1183 1855 extremo
1208 1832 1317 1868 aperto
1340 1829 1451 1869 proxi—

121 1865 200 1904 mis,
234 1866 382 1897 innuitur
409 1867 546 1908 lamina,
577 1869 664 1901 hisce
697 1872 833 1903 cochleis
863 1874 908 1905 ibi
942 1876 1052 1916 affixa,
1090 1878 1233 1909 canalem
1262 1880 1450 1924 (malisse)

121 1924 265 1965 gestans,
291 1920 372 1950 intra
396 1932 492 1963 quem
517 1934 572 1965 pes
596 1926 748 1966 cursoris,
773 1928 941 1969 speculum
971 1932 1125 1970 tenentis,
1150 1933 1273 1963 actione
1293 1934 1447 1975 cochleae,

121 1977 263 2002 extremo
289 1972 359 2003 tubi
383 1976 525 2016 opposito
548 1977 733 2019 applicatae,
762 1980 846 2012 ultro
873 1983 1017 2025 citroque
1041 1991 1199 2017 movetur.
1239 1985 1388 2018 Ceterum
1414 1988 1447 2019 id

120 2034 178 2065 per
205 2035 237 2055 se
266 2026 395 2058 evidens
427 2038 492 2059 esse
524 2030 686 2072 existimo,
726 2033 864 2066 duorum
901 2036 1104 2078 speculorum
1142 2039 1301 2070 minorum
1334 2040 1445 2072 eodem

1093 2082 1110 2109 8
