1809 2469
924 254 1024 297 (ij)

356 343 463 373 ‚Hisce
489 343 594 384 igitur
616 353 680 372 non
705 342 777 372 sine
806 341 975 383 singulari
1002 341 1131 370 laetitiae
1160 353 1261 372 sensu
1295 343 1486 384 confirmare
1507 355 1634 385 possu-

310 408 401 431 mus,
425 397 597 438 hucusque
618 396 711 438 regia
728 395 944 430 auctoritate,
964 394 1042 424 licet
1056 393 1127 423 lzaec
1148 395 1224 435 ipsa
1243 395 1421 427 identidem
1444 398 1632 428 maledictis

312 450 491 486 lacessita,
523 455 646 491 atque,
687 448 838 479 inaudito
866 447 1096 488 perversitatis
1133 453 1167 477 et
1191 450 1424 489 protervitatis
1459 451 1629 491 exemplo,

311 503 392 532 adeo
424 503 567 533 ludibrio
600 503 718 532 habita
742 501 872 544 fuerit,
914 506 1049 531 cautum
1066 499 1203 542 fuisse,
1242 513 1282 532 ne
1313 501 1433 544 infesto
1465 503 1551 543 pede
1583 504 1636 534 vel

300 556 429 597 flores,
463 567 600 597 quorum
630 556 768 585 culturoe
795 560 909 584 nostra
936 565 1035 594 opera
1070 553 1207 584 addicta
1236 561 1287 586 est
1292 578 1304 592 ‚
1342 557 1632 599 contingerentur,

311 609 364 638 vel
389 609 518 638 omnino
546 609 663 638 circuli
687 608 792 637 nostri
818 607 1039 637 turbarentur.

353 661 501 691 Proinde
531 667 622 691 tanto
648 661 769 691 certius
801 671 935 700 sperare
963 660 1061 696 licet,
1080 659 1180 702 fore,
1210 666 1247 691 ut
1277 662 1379 692 etiam
1405 662 1438 691 in
1461 667 1633 703 posterum

310 714 353 744 ab
383 715 458 743 istis
488 714 662 744 conatibus
688 714 855 743 arimaneis
888 713 978 742 salvi
1007 724 1048 742 ac
1078 714 1221 754 sospites
1252 719 1473 754 praestemur,
1507 720 1632 756 quanto

309 768 418 797 minus
453 767 712 809 Augustissz'mi
746 766 852 807 Regis
879 766 1127 805 perspicaciam
1155 764 1277 807 fugere
1301 771 1438 806 potest,
1480 766 1632 796 omnibus

309 821 384 850 istis
409 820 514 850 turbis
524 820 630 862 finem
653 820 794 860 imponi,
814 819 918 849 simul
935 830 975 848 ac
991 818 1085 859 Ipsi,
1107 818 1259 854 memori,
1279 818 1371 860 quod
1384 818 1632 859 Imperantihus

309 886 331 904 α
348 885 474 904 summo
503 874 693 914 Imperante
720 873 859 916 gladius
888 883 953 902 non
978 877 1094 902 temere
1124 871 1223 901 datus
1250 872 1314 908 sit,
1340 872 1477 902 solitum
1512 872 1635 902 lenita—

310 927 354 957 tis
379 932 481 968 atque
511 926 730 968 indulgentiae
753 936 884 956 cursum
907 925 1071 955 sustinere
1092 925 1270 966 placuerit.

353 980 526 1020 Speremus
557 979 688 1021 igitur!

546 1061 665 1097 Fessus,
686 1072 767 1099 quem
787 1063 920 1089 cruciant
940 1061 1069 1099 lonqaevae
1090 1060 1174 1088 taedia
1195 1062 1279 1093 vitae,

609 1110 679 1138 Cum
702 1110 814 1138 tandem
835 1112 977 1138 inversam
997 1111 1089 1138 cernit
1108 1109 1202 1138 adesse
1221 1111 1313 1148 facem

550 1158 649 1197 Optati
672 1158 769 1192 Genii,
789 1170 843 1187 mm
864 1165 955 1187 cessat
972 1169 1103 1199 Ἰερανφενε
1124 1159 1239 1191 molles,

606 1207 642 1235 In
665 1208 770 1236 tumuli
787 1209 885 1246 ylebas
904 1209 1012 1236 semina
1035 1208 1100 1235 loeta
1120 1209 1188 1245 spei.

310 1285 482 1326 Speremus
508 1285 664 1327 inquam,
702 1291 751 1322 et,
789 1286 866 1316 dum
896 1286 992 1322 licet,
1022 1287 1153 1315 alacres
1178 1294 1362 1326 pergamus
1392 1283 1538 1313 melioris
1570 1283 1636 1313 aevi

309 1338 437 1368 semina
461 1349 635 1380 spargere,
673 1349 757 1379 quo,
788 1339 819 1368 si
847 1337 936 1367 nihil
960 1336 1074 1373 aliud,
1105 1337 1166 1367 hoc
1193 1341 1278 1366 certe
1307 1345 1564 1377 consequemur,
1597 1341 1634 1365 ut

309 1385 408 1432 oeQua
426 1391 632 1431 posteritas,
663 1390 722 1421 ubi
749 1391 954 1432 cognoverit,
982 1390 1068 1432 quid
1091 1390 1320 1426 docuerimus,
1357 1395 1391 1420 et
1417 1400 1482 1431 quo
1506 1388 1600 1419 modo
1616 1387 1634 1419 Ρ

307 1454 366 1473 nos
391 1444 481 1484 ipsos
505 1445 635 1474 meliori
660 1455 730 1474 oevo
755 1444 874 1486 dignos
892 1442 1006 1484 fuisse
1029 1443 1077 1473 sit
1092 1442 1302 1484 judicatura.

354 1496 410 1527 De
433 1497 594 1527 orationis
622 1502 816 1537 argumento
834 1507 1009 1537 perpauca
1033 1502 1132 1532 sunt,
1162 1507 1239 1538 quae
1263 1506 1423 1526 moneam.
1456 1494 1634 1525 Germano-

310 1559 381 1580 rum
412 1550 559 1582 Horatius
586 1551 625 1581 cle
656 1551 792 1581 Scientia
820 1550 949 1581 (luobus
976 1550 1150 1580 versiculis
1173 1549 1218 1591 (²⁶)
1247 1549 1333 1579 hanc
1357 1548 1554 1578 sententiam
1576 1557 1635 1577 ex—

306 1604 433 1642 pressit
448 1615 457 1633 .-

544 1666 618 1694 Huic
638 1666 700 1693 Dea
721 1665 854 1699 caelestis,
873 1665 969 1694 devota
990 1670 1080 1693 mente
1101 1664 1229 1698 colenda,

603 1714 661 1742 Bos
681 1715 729 1742 illi
748 1720 804 1747 est,
827 1715 911 1743 lactis
930 1724 1051 1742 munera
1072 1714 1154 1752 larqa
1173 1715 1273 1752 serene.

361 1780 440 1811 Cum
468 1782 572 1823 igitur
598 1783 631 1812 in
656 1783 709 1812 his
739 1783 834 1814 terris
859 1784 993 1814 nonnisi
1013 1782 1241 1825 paucissimos

545 1855 591 1883 Et
610 1855 700 1884 veluti
719 1867 800 1884 raros
820 1863 920 1886 nantes
939 1858 971 1885 in
989 1858 1102 1896 qurqite
1123 1861 1201 1883 vasto

370 1983 407 2010 (⁴)
560 1984 652 2008 Einem
669 1985 700 2006 ist
714 1985 750 2006 ste
765 1985 805 2006 die
822 1984 900 2012 ΙιοΙιε,
921 1985 961 2008 die
977 1985 1131 2008 kimmllsclce
1155 1984 1268 2009 Goettin,
1286 1983 1340 2005 dem
1357 1982 1449 2006 andem

641 2024 708 2046 Eine
724 2023 832 2053 tiicluige
846 2025 924 2052 Kulc,
942 2026 982 2048 die
1000 2025 1043 2049 ilcn
1057 2026 1101 2048 mi!
1116 2025 1206 2047 Butler
1221 2027 1337 2053 versorgt.

1081 2065 1220 2087 Semnan.
