1809 2469
778 209 790 251 (
814 208 857 241 69
881 208 897 252 )

174 285 228 317 vel
251 283 486 328 cujuscumque
510 284 642 328 liquoris
667 283 838 322 vivificati,
869 282 1006 313 rationes
1030 281 1159 312 idoneas
1182 280 1298 313 deduci
1324 292 1412 324 posse
1438 293 1504 312 non

173 337 310 369 arbitror
330 349 388 369 cur
403 338 442 369 ad
458 350 561 370 unum
580 337 758 368 alterumve
773 341 908 378 systema
928 335 1111 366 referantur
1126 346 1242 377 organa
1262 346 1399 378 quorum
1415 347 1504 367 com—

173 391 288 434 positio
315 392 428 423 intima
459 392 548 423 nobis
579 390 673 421 talem
698 389 832 420 formam
864 387 1005 419 exbibet.
1037 387 1107 419 Sola
1133 389 1368 430 comparatione
1394 389 1506 420 forma:

174 451 207 476 et
230 446 340 489 figurae
359 446 421 477 dici
440 458 504 477 non
520 451 623 488 potest
643 443 739 475 talem
756 442 940 486 globulum,
961 443 1150 485 segregatim
1167 441 1386 481 observatum,
1409 442 1507 484 magis

174 509 346 531 nervosum
367 509 462 541 quam
484 497 700 529 muscularem
723 508 799 528 esse.
823 496 870 528 Ut
890 502 998 528 autem
1015 495 1101 527 certa
1121 495 1172 527 via
1191 495 1397 526 determinari
1412 496 1508 538 possit

174 552 304 583 cuinam
325 552 485 583 functioni
502 552 669 591 inserviat,
691 551 840 594 proprius
860 549 929 594 ejus
948 560 1025 581 usus
1046 549 1192 591 cognosci
1213 548 1307 580 debet
1326 548 1377 581 vel
1396 548 1508 580 saltem

175 606 285 648 organi
310 606 363 637 cui
385 606 543 648 pertinet:
571 611 603 637 et
624 605 659 636 in
679 605 845 648 posteriori
871 604 932 635 hoc
958 614 1050 643 casu,
1079 602 1150 646 ejus
1173 614 1250 634 usus
1273 614 1367 634 usum
1397 605 1508 645 organi

172 664 338 701 sequetur.
360 659 463 702 Igitur
480 660 505 690 si
523 658 644 702 globuli
660 658 828 701 separatim
845 658 1017 696 exsistunt,
1039 656 1079 688 ad
1099 667 1207 689 veram
1228 668 1340 688 eorum
1359 663 1508 688 naturam

174 711 395 755 assignandam
418 723 546 744 necesse
564 718 611 743 est
633 718 670 744 ut
694 717 902 755 cognoscatur
923 722 1036 742 eorum
1060 710 1173 742 modus
1196 711 1344 750 actionis,
1366 721 1508 753 ususque

174 765 323 808 proprius
344 766 401 808 qui
420 777 547 809 semper
566 765 666 797 oculis
688 766 755 798 veri
775 771 901 797 naturae
919 765 1167 808 investigatoriS,
1188 764 1327 796 tenebris
1345 763 1510 796 obducen-

175 823 248 858 tur,
275 818 376 850 donec
401 820 638 862 experimenta,
664 819 763 862 probe
785 819 1021 862 diligenterque
1043 819 1206 859 instituta,
1232 818 1272 849 ab
1295 819 1382 850 omni
1404 830 1510 850 errore

175 872 318 914 expertia
331 896 340 912 ‚
361 872 490 904 illarum
513 873 715 904 functionem
736 873 796 915 ipsi
823 872 984 915 detegant.

219 926 267 955 2⁰.
292 925 385 956 Hisce
406 926 522 957 strictae
542 926 659 968 logices
675 926 840 968 principiis
860 925 993 965 imbuti,
1014 926 1047 956 in
1064 931 1213 967 systema
1230 926 1274 957 sic
1295 925 1417 957 dictum
1435 938 1511 957 ner-

175 988 291 1008 vosum
312 977 496 1020 plantarum
519 978 779 1021 investigationes
802 978 954 1020 quasdam
979 979 1185 1010 tentavimus.

219 1031 254 1061 In
273 1031 463 1064 animalibus
475 1031 516 1065 ad
530 1032 678 1063 infimum
696 1032 936 1075 organisationis
952 1032 1086 1075 gradum
1103 1032 1226 1072 locatis,
1244 1032 1430 1065 observatur
1445 1044 1513 1076 sys-

175 1090 259 1117 tema
288 1095 480 1125 nervosum,
508 1085 720 1125 moleculare,
746 1086 905 1125 divisum,
929 1098 987 1129 per
1010 1087 1176 1130 integrum
1199 1098 1314 1130 corpus
1336 1081 1511 1127 d'iffusum,

176 1138 263 1181 quod
282 1139 521 1182 homogeneum
542 1139 686 1179 videtur,
708 1138 912 1182 globulorum
933 1140 1122 1182 aequalium,
1147 1140 1317 1180 similium,
1337 1147 1416 1181 etc.,
1444 1142 1514 1172 for-

176 1202 263 1224 niam
284 1191 416 1225 habens.
438 1192 488 1227 Illi
506 1192 627 1236 globuli
651 1192 790 1226 visibiles
807 1199 901 1233 sunt,
923 1194 1012 1227 nulla
1033 1194 1157 1227 actione
1180 1194 1323 1227 chemica
1343 1195 1377 1226 in
1398 1206 1514 1238 corpus

177 1245 323 1278 animalis
344 1252 476 1289 agente,
497 1247 698 1278 existentiam
721 1257 834 1279 eorum
856 1247 1054 1279 ostendente.

220 1299 342 1331 Plantae
359 1310 431 1342 quae
447 1300 625 1332 secundum
648 1301 801 1343 quosdam
815 1303 1006 1333 recentiores
1021 1309 1144 1335 naturae
1165 1304 1419 1346 investigatores,
1439 1309 1515 1335 sunt

177 1354 263 1385 entia
290 1355 438 1399 organica
469 1366 544 1388 cum
571 1355 782 1398 quorumdam
813 1356 1002 1389 animalium
1027 1356 1318 1399 imperfectioribus
1347 1356 1515 1400 speciebus

177 1407 422 1447 confundenda,
445 1408 497 1440 vel
516 1409 646 1440 omnino
667 1409 776 1441 saltem
794 1409 856 1441 illis
876 1410 1007 1453 similia,
1029 1410 1119 1442 nobis
1140 1410 1294 1441 exhibent
1314 1417 1439 1442 textum
1458 1411 1516 1454 qui

177 1460 301 1492 nullam
327 1461 399 1492 fere
417 1461 684 1507 modificationem
711 1464 884 1506 recipiens,
910 1465 942 1495 in
965 1464 1126 1507 plerisque
1151 1466 1277 1507 organis
1302 1465 1462 1507 reperitur
1483 1471 1516 1496 et

178 1515 371 1557 compositus
401 1521 448 1546 est
471 1515 595 1547 cellulis
620 1516 748 1558 repletis
774 1517 933 1560 globuIiS,
964 1530 980 1549 a
1008 1518 1183 1561 parietibus
1210 1524 1317 1549 textus
1343 1519 1514 1561 separatis,

178 1568 354 1611 aequalibus
376 1575 408 1600 et
428 1570 513 1601 inter
534 1581 566 1601 se
586 1570 759 1610 similibus,
783 1577 862 1611 etc.;
885 1572 939 1603 sed
958 1573 1014 1615 qui
1037 1571 1174 1604 visibiles
1195 1572 1417 1604 tantummodo
1438 1583 1515 1604 eva—

179 1622 262 1653 dunt
282 1623 406 1655 actione
427 1623 570 1655 chemiczi
592 1625 805 1667 quorumdam
827 1637 1013 1669 corporum:
1034 1632 1067 1657 et
1085 1626 1154 1657 haec
1171 1638 1301 1669 corpora
1325 1628 1354 1658 vi
1370 1618 1520 1657 destruc-⁷

178 1676 243 1708 tiva
258 1677 400 1720 gaudent
416 1683 448 1709 et
469 1679 599 1712 omnino
615 1679 704 1719 vitae,
722 1679 981 1720 animalisationi,
1000 1680 1290 1726 organisationique
1305 1680 1402 1712 unico
1420 1680 1516 1711 verbo

180 1736 256 1761 sunt
282 1732 450 1762 contraria.

224 1784 274 1814 An
294 1784 341 1815 illi
360 1785 460 1828 igitur
480 1785 602 1829 globuli
623 1788 729 1830 potius
753 1789 881 1820 nervosi
905 1800 1003 1832 quam
1023 1788 1222 1820 musculares
1240 1789 1345 1820 vocari
1371 1794 1514 1831 possent,

181 1848 221 1868 ex
242 1848 279 1869 eo
298 1838 362 1869 solo
387 1839 473 1881 quod
495 1840 705 1883 phaenomena
727 1853 800 1884 quae
819 1848 1001 1885 sequuntur
1021 1843 1180 1874 actionem
1201 1854 1370 1885 corporum
1392 1842 1517 1872 chemi—

182 1902 251 1922 cam
280 1892 314 1922 in
339 1898 473 1935 systema
506 1905 679 1926 nervosum
704 1896 911 1937 animalium,
941 1898 1037 1929 etiam
1065 1898 1099 1929 in
1125 1896 1263 1941 globulis
1287 1895 1518 1939 vegetabilibus

181 1944 288 1977 locum
305 1946 499 1978 sortiantur?
520 1948 562 1978 Et
577 1950 731 1992 practerea
749 1950 803 1982 illa
819 1950 1030 1994 phaenomena
1051 1951 1090 1983 ad
1108 1951 1362 1989 concretio-nem,
1382 1949 1516 1992 liquidi-

181 1999 368 2040 factionem,
396 2000 572 2048 colorisque
590 2004 799 2036 mutationem
820 2004 1033 2037 reducuntur.
1055 2005 1204 2036 Actiones
1231 2004 1386 2035 chemicae
1408 2014 1516 2035 essen—
