1809 2469
751 252 863 294 (23)

145 338 315 370 corporum
336 327 518 358 striatorum
538 326 572 356 in
594 329 683 367 parte
705 323 762 354 sua
781 323 850 354 alba
870 322 990 365 ligatur
1010 335 1083 355 cum
1108 324 1177 367 ipsa
1197 330 1345 356 motuum
1371 323 1476 355 direc-

144 382 245 421 tione,
271 387 367 423 atque
394 380 568 412 voluntate.
595 378 642 409 Cl.
668 376 836 419 Magendie
855 377 1040 416 nunciarat‚
1069 378 1153 419 quod
1174 378 1359 409 substractio
1384 377 1475 408 colli-

146 434 292 467 culorum
315 434 494 477 opticorum
514 431 647 475 majores
669 430 924 473 perturbationes
944 430 1152 473 produceret,
1174 443 1269 474 quam
1290 432 1343 462 illa
1363 443 1476 473 corpo-

145 499 219 520 rum
245 488 447 525 striatorum,
477 497 551 517 cum
575 485 723 516 animalia
753 484 869 515 exinde
896 485 1045 515 amittant
1074 491 1177 517 motus
1203 486 1415 528 progressivos
1446 490 1477 516 et

145 543 247 585 ipsam
271 541 412 572 stationis
433 539 637 579 facultatem,
665 549 803 580 cumque
824 543 895 580 post
916 537 1106 569 ablationem
1130 538 1373 569 tuberculorum
1396 549 1478 580 qua—

147 596 399 638 drigeminorum
424 593 542 624 animal
568 593 674 624 adhuc
698 592 773 623 alias
799 591 967 623 facultates
993 592 1127 622 amittat.
1160 592 1261 622 Hodie
1286 603 1361 624 vero
1383 591 1478 622 hosce

147 649 251 680 exitus
276 648 375 690 magis
399 647 537 678 concisos
565 645 711 677 reddidit.
738 646 879 677 Effectus
904 645 942 677 de
970 645 1087 688 quibus
1112 646 1210 677 locuti
1234 657 1347 676 sumus
1371 645 1478 676 locum

147 701 267 733 habent
299 702 375 732 dum
400 702 570 732 sectionem
595 700 790 730 instituimus
821 699 1003 730 verticalem
1033 705 1118 730 retro
1144 699 1305 729 colliculos
1337 699 1476 740 opticos;

149 756 242 787 aliam
264 756 435 786 sectionem
457 753 653 785 instituendo
673 758 758 784 retro
778 753 843 794 ipsa
862 752 1029 783 tubercula
1055 742 1313 794 quadrigemina,
1337 750 1478 781 membra

149 821 166 840 a
189 820 221 840 se
245 810 382 841 invicem
409 808 576 847 distantia,
603 819 691 838 nunc
716 807 755 837 ad
779 818 811 837 se
836 807 974 838 invicem
1006 806 1228 836 admoventur.
1260 804 1320 835 Sed
1351 810 1387 835 ut
1411 804 1479 834 haec

149 862 358 905 phaenomena
386 861 492 892 locum
518 860 674 899 habeant,
704 866 828 902 oportet
855 865 892 890 ut
918 859 1052 890 laedatur
1079 864 1211 889 stratum
1239 857 1414 888 medullare
1441 856 1479 887 ad

148 915 248 946 basim
270 915 368 945 cranii
395 914 602 956 applicatum.
635 913 781 955 Namque
799 913 824 943 si
850 912 1073 944 tantummodo
1095 912 1263 942 dimidium
1287 911 1387 953 ipsius
1410 921 1481 940 nie—

149 968 245 1000 dullae
269 968 444 1010 oblongatae
472 966 687 1005 abscinditur,
719 966 852 996 effectus
883 966 929 996 illi
954 977 1020 996 sese
1050 977 1114 996 non
1146 965 1298 1007 produnt.
1339 964 1480 1006 Apparet

149 1033 224 1064 ergo
245 1021 330 1063 quod
350 1021 559 1062 proprietates
582 1024 731 1049 motuum
751 1018 911 1057 relativae,
936 1019 1097 1060 praecipue
1118 1018 1326 1061 resideantlin
1347 1016 1478 1047 materia

148 1073 218 1105 alba
237 1079 269 1104 et
286 1072 414 1112 fibrosa,
431 1083 502 1114 quae
523 1071 564 1103 ab
576 1072 650 1114 ipsis
668 1071 886 1114 pyramidibus
906 1082 1009 1113 usque
1030 1071 1070 1101 ad
1090 1070 1314 1112 hemisphaeria
1332 1069 1479 1100 radiatim

148 1127 303 1170 procedit.
329 1125 523 1157 Sensibilitas
542 1124 641 1168 hujus
659 1125 757 1167 partis
779 1125 907 1156 videtur
928 1125 1031 1155 minor
1052 1135 1147 1166 quarn
1168 1123 1221 1153 illa
1242 1123 1331 1153 strati
1353 1122 1481 1153 medul—

149 1181 224 1212 laris
244 1180 431 1222 superioris,
460 1180 501 1209 ita
530 1184 567 1209 ut
593 1178 699 1209 adhuc
722 1179 859 1210 inveniri
882 1179 977 1220 possit
1001 1179 1034 1208 in
1060 1177 1200 1208 medulla
1228 1176 1394 1218 oblongata
1417 1175 1482 1206 dis-

150 1235 261 1264 tinctio
281 1233 428 1264 binarum
449 1233 698 1275 proprietatum,
724 1243 795 1274 quae
817 1238 880 1262 tam
904 1231 1070 1263 evidenter
1094 1236 1249 1273 apparent
1267 1231 1299 1260 in
1323 1230 1387 1271 ipsa
1412 1240 1481 1260 me-

149 1287 235 1318 dulla
258 1286 382 1329 spinali.
405 1285 451 1316 Cl.
474 1285 614 1316 Rolando
628 1285 676 1328 (1)
697 1285 835 1317 obtinuit
854 1286 987 1317 effectus
1002 1285 1109 1316 fluxus
1130 1284 1270 1315 electrici
1290 1284 1345 1326 qui
1362 1283 1482 1326 dirige—

149 1341 243 1372 batur
264 1352 280 1371 a
296 1339 427 1370 cerebro
441 1351 551 1371 versus
565 1339 702 1370 diversas
721 1340 859 1382 corporis
879 1345 1000 1381 partes,
1020 1338 1199 1369 introduxit
1222 1337 1309 1380 apud
1330 1348 1480 1379 porcum,

148 1394 283 1425 ductum
304 1393 476 1425 voltaicum
500 1394 533 1423 in
559 1392 790 1435 hemisphaeriis
812 1393 1041 1432 cerebralibus,
1067 1399 1100 1424 et
1119 1392 1199 1423 vidit
1224 1391 1310 1434 quod
1335 1397 1481 1422 contrac-

148 1448 250 1479 tiones
272 1446 411 1477 multum
431 1445 565 1489 majores
580 1452 699 1485 essent,
722 1446 799 1478 dum
819 1447 994 1478 conductor
1016 1446 1192 1477 metallicus
1213 1446 1245 1476 in
1265 1445 1367 1486 ipsum
1391 1455 1481 1475 cere—

149 1500 270 1532 bellum
290 1505 483 1541 penetraret.
507 1498 649 1529 Effectus
670 1498 852 1530 decussatus
871 1500 902 1530 in
921 1499 1102 1531 laesionibus
1121 1498 1335 1529 cerebralihus
1352 1498 1482 1528 omnino

149 1555 212 1586 fuit
230 1552 433 1591 manifestus,
454 1551 565 1582 eodem
586 1551 680 1582 modo
696 1564 732 1583 ac
748 1553 802 1584 ille
820 1555 876 1596 qui
892 1554 1040 1596 provenit
1060 1565 1075 1584 a
1095 1553 1221 1583 laesione
1237 1551 1478 1582 tuberculorum

149 1605 478 1650 quadrigeminorum.
500 1605 643 1636 Instituit
663 1607 759 1637 etiam
781 1608 894 1638 seriem
911 1607 1205 1650 experimentorum
1224 1604 1480 1636 memorabilium

149 1661 190 1692 de
210 1658 366 1691 cerebello
392 1658 665 1690 mammiferorum
693 1665 725 1690 et
747 1660 930 1702 reptilium3
959 1672 998 1691 ex
1021 1659 1137 1703 quibus
1165 1659 1399 1690 conclusionem
1422 1658 1482 1688 de-

151 1714 264 1753 duxit,
295 1711 381 1755 quod
409 1711 603 1742 cerebellum
632 1713 673 1742 sit
696 1719 865 1755 apparatus
892 1713 1200 1752 electro-motorius,
1223 1712 1306 1742 ‘fons
1332 1717 1364 1742 et
1394 1712 1481 1754 origo

149 1768 293 1798 omnium
318 1771 477 1796 motuum.

194 1820 254 1851 Hic
274 1830 331 1862 per
352 1825 555 1850 transennam
575 1818 681 1850 dicere
700 1818 795 1850 liceat
814 1819 1014 1851 Anatomiam
1032 1806 1252 1861 Comparatam
1271 1829 1335 1848 non
1355 1828 1480 1859 semper

150 1875 259 1906 favere
276 1873 415 1915 opinioni
431 1872 470 1903 de
485 1872 705 1903 functionibus
721 1872 869 1903 cerebelli
885 1885 900 1904 a
917 1873 963 1905 Cl.
983 1873 1124 1904 Rolando
1140 1872 1316 1914 propositae.
1334 1871 1481 1913 Namque

151 1930 186 1960 in
205 1926 394 1965 Testudine,
419 1925 510 1970 cujus
531 1926 776 1957 coordinationis
797 1932 900 1958 motus
919 1938 1010 1970 aeque
1030 1926 1120 1969 parvi
1138 1931 1234 1968 atque
1256 1924 1374 1956 debiles
1390 1929 1478 1962 sunt,

211 2062 244 2092 (1)
260 2062 344 2085 Journ.
363 2060 392 2084 de
407 2060 515 2091 physiol.
535 2061 650 2091 expelrim.
670 2060 687 2083 l.
703 2061 727 2083 3.
742 2068 797 2092 pag.
817 2060 854 2091 95.
