<?xml version="1.0" encoding="UTF-8"?>
<!DOCTYPE html PUBLIC "-//W3C//DTD XHTML 1.0 Transitional//EN"
    "http://www.w3.org/TR/xhtml1/DTD/xhtml1-transitional.dtd">
<html xmlns="http://www.w3.org/1999/xhtml" xml:lang="en" lang="en">
 <head>
  <title>
</title>
<meta http-equiv="Content-Type" content="text/html;charset=utf-8" />
  <meta name='ocr-system' content='tesseract 3.04.00' />
  <meta name='ocr-capabilities' content='ocr_page ocr_carea ocr_par ocr_line ocrx_word'/>
</head>
<body>
  <div class='ocr_page' id='page_1' title='image "annalesacademiae26gand_0125.png"; bbox 0 0 1809 2469; ppageno 0'>
   <div class='ocr_carea' id='block_1_1' title="bbox 744 228 855 271">
    <p class='ocr_par' dir='ltr' id='par_1_1' title="bbox 744 228 855 271">
     <span class='ocr_line' id='line_1_1' title="bbox 744 228 855 271; baseline -0.009 0"><span class='ocrx_word' id='word_1_1' title='bbox 744 228 855 271; x_wconf 85' lang='lat'>(11)</span> 
     </span>
    </p>
   </div>
   <div class='ocr_carea' id='block_1_2' title="bbox 142 298 1463 559">
    <p class='ocr_par' dir='ltr' id='par_1_2' title="bbox 142 298 1463 559">
     <span class='ocr_line' id='line_1_2' title="bbox 142 298 1460 344; baseline -0.002 -9"><span class='ocrx_word' id='word_1_2' title='bbox 142 304 202 336; x_wconf 81' lang='lat' dir='ltr'><strong>sibi</strong></span> <span class='ocrx_word' id='word_1_3' title='bbox 231 303 400 335; x_wconf 85' lang='lat' dir='ltr'><strong>conciliare</strong></span> <span class='ocrx_word' id='word_1_4' title='bbox 423 302 540 334; x_wconf 84' lang='lat' dir='ltr'><strong>debent</strong></span> <span class='ocrx_word' id='word_1_5' title='bbox 561 301 622 333; x_wconf 84' lang='lat' dir='ltr'><strong>illae</strong></span> <span class='ocrx_word' id='word_1_6' title='bbox 646 300 762 343; x_wconf 82' lang='lat' dir='ltr'><strong>plantae</strong></span> <span class='ocrx_word' id='word_1_7' title='bbox 786 305 916 341; x_wconf 86' lang='lat' dir='ltr'><strong>propter</strong></span> <span class='ocrx_word' id='word_1_8' title='bbox 940 298 1097 330; x_wconf 78' lang='lat' dir='ltr'><strong>auxilium</strong></span> <span class='ocrx_word' id='word_1_9' title='bbox 1119 299 1204 342; x_wconf 85' lang='lat' dir='ltr'><strong>quod</strong></span> <span class='ocrx_word' id='word_1_10' title='bbox 1233 300 1373 342; x_wconf 83' lang='lat' dir='ltr'><strong>praebere</strong></span> <span class='ocrx_word' id='word_1_11' title='bbox 1401 312 1460 344; x_wconf 86' lang='lat' dir='ltr'><strong>po-</strong></span> 
     </span>
     <span class='ocr_line' id='line_1_3' title="bbox 143 351 1462 394; baseline -0.003 -6"><span class='ocrx_word' id='word_1_12' title='bbox 143 358 277 389; x_wconf 82' lang='lat' dir='ltr'><strong>tuissent</strong></span> <span class='ocrx_word' id='word_1_13' title='bbox 301 356 506 388; x_wconf 83' lang='lat' dir='ltr'><strong>celeberrimo</strong></span> <span class='ocrx_word' id='word_1_14' title='bbox 526 354 650 386; x_wconf 88' lang='lat' dir='ltr'><strong>cuidam</strong></span> <span class='ocrx_word' id='word_1_15' title='bbox 672 358 794 383; x_wconf 79' lang='lat' dir='ltr'><strong>naturae</strong></span> <span class='ocrx_word' id='word_1_16' title='bbox 813 352 1038 394; x_wconf 82' lang='lat' dir='ltr'><strong>perscrutatori</strong></span> <span class='ocrx_word' id='word_1_17' title='bbox 1059 351 1104 394; x_wconf 89' lang='lat'><strong>(1)</strong></span> <span class='ocrx_word' id='word_1_18' title='bbox 1127 353 1198 394; x_wconf 85' lang='lat' dir='ltr'><strong>qui,</strong></span> <span class='ocrx_word' id='word_1_19' title='bbox 1224 353 1369 384; x_wconf 87' lang='lat' dir='ltr'><strong>civilibus</strong></span> <span class='ocrx_word' id='word_1_20' title='bbox 1396 353 1462 384; x_wconf 83' lang='lat' dir='ltr'><strong>dis-</strong></span> 
     </span>
     <span class='ocr_line' id='line_1_4' title="bbox 143 405 1463 449; baseline -0.002 -8"><span class='ocrx_word' id='word_1_21' title='bbox 143 409 338 441; x_wconf 87' lang='lat' dir='ltr'><strong>sentionibus</strong></span> <span class='ocrx_word' id='word_1_22' title='bbox 360 415 504 447; x_wconf 74' lang='lat' dir='ltr'><strong>vexatus,</strong></span> <span class='ocrx_word' id='word_1_23' title='bbox 525 409 558 438; x_wconf 92' lang='lat' dir='ltr'><strong>in</strong></span> <span class='ocrx_word' id='word_1_24' title='bbox 579 407 713 449; x_wconf 87' lang='lat' dir='ltr'><strong>patriam</strong></span> <span class='ocrx_word' id='word_1_25' title='bbox 733 405 980 437; x_wconf 83' lang='lat' dir='ltr'>infelicissimam</span> <span class='ocrx_word' id='word_1_26' title='bbox 998 406 1148 437; x_wconf 88' lang='lat' dir='ltr'><strong>ultimum</strong></span> <span class='ocrx_word' id='word_1_27' title='bbox 1168 407 1353 449; x_wconf 75' lang='lat' dir='ltr'>profugium</span> <span class='ocrx_word' id='word_1_28' title='bbox 1373 418 1463 449; x_wconf 82' lang='lat' dir='ltr'><strong>quae-</strong></span> 
     </span>
     <span class='ocr_line' id='line_1_5' title="bbox 143 458 1462 506; baseline -0.002 -12"><span class='ocrx_word' id='word_1_29' title='bbox 143 464 269 496; x_wconf 81' lang='lat' dir='ltr'>siverat.</span> <span class='ocrx_word' id='word_1_30' title='bbox 293 464 329 494; x_wconf 87' lang='lat' dir='ltr'><strong>In</strong></span> <span class='ocrx_word' id='word_1_31' title='bbox 347 461 531 506; x_wconf 68' lang='lat' dir='ltr'><strong>sylva-enim</strong></span> <span class='ocrx_word' id='word_1_32' title='bbox 548 460 786 502; x_wconf 86' lang='lat' dir='ltr'><strong>Montmorency</strong></span> <span class='ocrx_word' id='word_1_33' title='bbox 802 459 916 498; x_wconf 84' lang='lat' dir='ltr'><strong>latenS,</strong></span> <span class='ocrx_word' id='word_1_34' title='bbox 932 458 1062 490; x_wconf 84' lang='lat' dir='ltr'><strong>illustris</strong></span> <span class='ocrx_word' id='word_1_35' title='bbox 1079 459 1187 495; x_wconf 79' lang='lat' dir='ltr'><strong>Bosc,</strong></span> <span class='ocrx_word' id='word_1_36' title='bbox 1209 459 1354 490; x_wconf 89' lang='lat' dir='ltr'><strong>omnibus</strong></span> <span class='ocrx_word' id='word_1_37' title='bbox 1369 459 1462 491; x_wconf 87' lang='lat' dir='ltr'><strong>rebus</strong></span> 
     </span>
     <span class='ocr_line' id='line_1_6' title="bbox 143 512 1461 559; baseline -0.002 -12"><span class='ocrx_word' id='word_1_38' title='bbox 143 517 234 559; x_wconf 87' lang='lat' dir='ltr'><strong>inops</strong></span> <span class='ocrx_word' id='word_1_39' title='bbox 250 522 285 547; x_wconf 85' lang='lat' dir='ltr'><strong>et</strong></span> <span class='ocrx_word' id='word_1_40' title='bbox 305 516 344 547; x_wconf 86' lang='lat' dir='ltr'><strong>ad</strong></span> <span class='ocrx_word' id='word_1_41' title='bbox 359 525 515 547; x_wconf 85' lang='lat' dir='ltr'><strong>summam</strong></span> <span class='ocrx_word' id='word_1_42' title='bbox 532 513 671 556; x_wconf 89' lang='lat' dir='ltr'><strong>inopiam</strong></span> <span class='ocrx_word' id='word_1_43' title='bbox 691 513 853 553; x_wconf 87' lang='lat' dir='ltr'><strong>redactus,</strong></span> <span class='ocrx_word' id='word_1_44' title='bbox 876 512 980 544; x_wconf 86' lang='lat' dir='ltr'><strong>bulbis</strong></span> <span class='ocrx_word' id='word_1_45' title='bbox 1000 512 1178 544; x_wconf 80' lang='lat' dir='ltr'><strong>orchidum</strong></span> <span class='ocrx_word' id='word_1_46' title='bbox 1197 514 1280 545; x_wconf 87' lang='lat' dir='ltr'><strong>vesci</strong></span> <span class='ocrx_word' id='word_1_47' title='bbox 1298 519 1461 544; x_wconf 78' lang='lat' dir='ltr'><strong>statuerat.</strong></span> 
     </span>
    </p>
   </div>
   <div class='ocr_carea' id='block_1_3' title="bbox 740 616 868 659">
    <p class='ocr_par' dir='ltr' id='par_1_3' title="bbox 740 616 868 659">
     <span class='ocr_line' id='line_1_7' title="bbox 740 616 868 659; baseline 0 -11"><span class='ocrx_word' id='word_1_48' title='bbox 740 616 765 659; x_wconf 67' lang='lat' dir='ltr'><strong>g</strong></span> <span class='ocrx_word' id='word_1_49' title='bbox 810 617 868 648; x_wconf 76' lang='lat' dir='ltr'><strong>xi.</strong></span> 
     </span>
    </p>
   </div>
   <div class='ocr_carea' id='block_1_4' title="bbox 145 701 1471 1542">
    <p class='ocr_par' dir='ltr' id='par_1_4' title="bbox 145 701 1471 1542">
     <span class='ocr_line' id='line_1_8' title="bbox 188 701 1466 745; baseline -0.001 -10"><span class='ocrx_word' id='word_1_50' title='bbox 188 704 229 735; x_wconf 88' lang='lat' dir='ltr'><strong>Hi</strong></span> <span class='ocrx_word' id='word_1_51' title='bbox 249 703 341 736; x_wconf 84' lang='lat' dir='ltr'><strong>bulbi</strong></span> <span class='ocrx_word' id='word_1_52' title='bbox 357 714 467 735; x_wconf 88' lang='lat' dir='ltr'><strong>revera</strong></span> <span class='ocrx_word' id='word_1_53' title='bbox 486 714 598 735; x_wconf 89' lang='lat' dir='ltr'><strong>sanum</strong></span> <span class='ocrx_word' id='word_1_54' title='bbox 617 703 853 734; x_wconf 81' lang='lat' dir='ltr'><strong>nutrimentum</strong></span> <span class='ocrx_word' id='word_1_55' title='bbox 873 702 962 734; x_wconf 91' lang='lat' dir='ltr'><strong>nobis</strong></span> <span class='ocrx_word' id='word_1_56' title='bbox 981 702 1184 745; x_wconf 80' lang='lat' dir='ltr'><strong>suppeditare</strong></span> <span class='ocrx_word' id='word_1_57' title='bbox 1207 708 1341 745; x_wconf 86' lang='lat' dir='ltr'><strong>queunt.</strong></span> <span class='ocrx_word' id='word_1_58' title='bbox 1365 701 1466 734; x_wconf 86' lang='lat' dir='ltr'><strong>Iidem</strong></span> 
     </span>
     <span class='ocr_line' id='line_1_9' title="bbox 145 755 1466 801; baseline -0.002 -12"><span class='ocrx_word' id='word_1_59' title='bbox 145 763 297 801; x_wconf 77' lang='lat' dir='ltr'><strong>praeterea</strong></span> <span class='ocrx_word' id='word_1_60' title='bbox 327 756 418 788; x_wconf 83' lang='lat' dir='ltr'><strong>bulbi</strong></span> <span class='ocrx_word' id='word_1_61' title='bbox 446 756 536 788; x_wconf 90' lang='lat' dir='ltr'><strong>nobis</strong></span> <span class='ocrx_word' id='word_1_62' title='bbox 562 756 708 799; x_wconf 82' lang='lat' dir='ltr'><strong>praebent</strong></span> <span class='ocrx_word' id='word_1_63' title='bbox 737 756 901 787; x_wconf 76' lang='lat' dir='ltr'><strong>materiam</strong></span> <span class='ocrx_word' id='word_1_64' title='bbox 927 755 1186 798; x_wconf 85' lang='lat' dir='ltr'><strong>mucilaginosam</strong></span> <span class='ocrx_word' id='word_1_65' title='bbox 1219 756 1376 798; x_wconf 84' lang='lat' dir='ltr'><strong>cognitam</strong></span> <span class='ocrx_word' id='word_1_66' title='bbox 1407 755 1466 787; x_wconf 89' lang='lat' dir='ltr'><strong>sub</strong></span> 
     </span>
     <span class='ocr_line' id='line_1_10' title="bbox 145 809 1467 852; baseline -0.002 -10"><span class='ocrx_word' id='word_1_67' title='bbox 145 811 276 842; x_wconf 89' lang='lat' dir='ltr'><strong>nomine</strong></span> <span class='ocrx_word' id='word_1_68' title='bbox 299 811 399 851; x_wconf 84' lang='lat' dir='ltr'><strong>Salep</strong></span> <span class='ocrx_word' id='word_1_69' title='bbox 424 816 456 841; x_wconf 84' lang='lat' dir='ltr'><strong>et</strong></span> <span class='ocrx_word' id='word_1_70' title='bbox 478 810 511 840; x_wconf 92' lang='lat' dir='ltr'><strong>in</strong></span> <span class='ocrx_word' id='word_1_71' title='bbox 531 809 688 840; x_wconf 67' lang='lat' dir='ltr'><strong>medicina</strong></span> <span class='ocrx_word' id='word_1_72' title='bbox 709 821 771 841; x_wconf 89' lang='lat' dir='ltr'><strong>usu</strong></span> <span class='ocrx_word' id='word_1_73' title='bbox 794 815 966 851; x_wconf 83' lang='lat' dir='ltr'><strong>receptam.</strong></span> <span class='ocrx_word' id='word_1_74' title='bbox 995 809 1222 840; x_wconf 68' lang='lat' dir='ltr'><strong>Videtur&#39;haec</strong></span> <span class='ocrx_word' id='word_1_75' title='bbox 1243 809 1340 852; x_wconf 89' lang='lat' dir='ltr'><strong>pulpa</strong></span> <span class='ocrx_word' id='word_1_76' title='bbox 1362 810 1467 841; x_wconf 87' lang='lat' dir='ltr'><strong>muci-</strong></span> 
     </span>
     <span class='ocr_line' id='line_1_11' title="bbox 146 861 1468 907; baseline -0.002 -12"><span class='ocrx_word' id='word_1_77' title='bbox 146 864 300 907; x_wconf 87' lang='lat' dir='ltr'><strong>laginosa,</strong></span> <span class='ocrx_word' id='word_1_78' title='bbox 321 875 423 906; x_wconf 88' lang='lat' dir='ltr'><strong>quum</strong></span> <span class='ocrx_word' id='word_1_79' title='bbox 444 864 524 894; x_wconf 88' lang='lat' dir='ltr'><strong>sicca</strong></span> <span class='ocrx_word' id='word_1_80' title='bbox 546 869 608 903; x_wconf 84' lang='lat' dir='ltr'><strong>est,</strong></span> <span class='ocrx_word' id='word_1_81' title='bbox 630 864 664 893; x_wconf 93' lang='lat' dir='ltr'><strong>in</strong></span> <span class='ocrx_word' id='word_1_82' title='bbox 685 863 831 894; x_wconf 86' lang='lat' dir='ltr'><strong>omnibus</strong></span> <span class='ocrx_word' id='word_1_83' title='bbox 851 861 1055 901; x_wconf 88' lang='lat' dir='ltr'><strong>Orchidibus,</strong></span> <span class='ocrx_word' id='word_1_84' title='bbox 1078 862 1187 893; x_wconf 85' lang='lat' dir='ltr'><strong>iisdem</strong></span> <span class='ocrx_word' id='word_1_85' title='bbox 1207 862 1271 893; x_wconf 85' lang='lat' dir='ltr'><strong>frui</strong></span> <span class='ocrx_word' id='word_1_86' title='bbox 1290 863 1468 904; x_wconf 83' lang='lat' dir='ltr'><strong>proprieta—</strong></span> 
     </span>
     <span class='ocr_line' id='line_1_12' title="bbox 147 914 1469 957; baseline -0.002 -10"><span class='ocrx_word' id='word_1_87' title='bbox 147 916 249 948; x_wconf 87' lang='lat' dir='ltr'><strong>tibus:</strong></span> <span class='ocrx_word' id='word_1_88' title='bbox 277 928 349 946; x_wconf 89' lang='lat' dir='ltr'><strong>nam</strong></span> <span class='ocrx_word' id='word_1_89' title='bbox 383 916 417 946; x_wconf 89' lang='lat' dir='ltr'><strong>in</strong></span> <span class='ocrx_word' id='word_1_90' title='bbox 446 916 569 947; x_wconf 86' lang='lat' dir='ltr'><strong>viciniis</strong></span> <span class='ocrx_word' id='word_1_91' title='bbox 600 915 899 957; x_wconf 79' lang='lat' dir='ltr'><strong>Constantinopolis,</strong></span> <span class='ocrx_word' id='word_1_92' title='bbox 936 915 1023 946; x_wconf 88' lang='lat' dir='ltr'><strong>unde</strong></span> <span class='ocrx_word' id='word_1_93' title='bbox 1049 914 1148 957; x_wconf 87' lang='lat' dir='ltr'><strong>major</strong></span> <span class='ocrx_word' id='word_1_94' title='bbox 1173 926 1244 957; x_wconf 87' lang='lat' dir='ltr'><strong>pars</strong></span> <span class='ocrx_word' id='word_1_95' title='bbox 1268 915 1353 957; x_wconf 89' lang='lat' dir='ltr'><strong>salep</strong></span> <span class='ocrx_word' id='word_1_96' title='bbox 1379 914 1469 945; x_wconf 88' lang='lat' dir='ltr'><strong>nobis</strong></span> 
     </span>
     <span class='ocr_line' id='line_1_13' title="bbox 145 967 1466 1010; baseline -0.002 -10"><span class='ocrx_word' id='word_1_97' title='bbox 145 969 388 1007; x_wconf 79' lang='lat' dir='ltr'><strong>transmittitur,</strong></span> <span class='ocrx_word' id='word_1_98' title='bbox 411 968 519 1010; x_wconf 89' lang='lat' dir='ltr'><strong>plures</strong></span> <span class='ocrx_word' id='word_1_99' title='bbox 533 969 652 1010; x_wconf 90' lang='lat' dir='ltr'><strong>species</strong></span> <span class='ocrx_word' id='word_1_100' title='bbox 668 967 846 998; x_wconf 88' lang='lat' dir='ltr'><strong>Orchidum</strong></span> <span class='ocrx_word' id='word_1_101' title='bbox 862 968 1055 999; x_wconf 86' lang='lat' dir='ltr'><strong>adhibentur</strong></span> <span class='ocrx_word' id='word_1_102' title='bbox 1075 973 1112 998; x_wconf 86' lang='lat' dir='ltr'><strong>ut</strong></span> <span class='ocrx_word' id='word_1_103' title='bbox 1131 978 1170 998; x_wconf 79' lang='lat' dir='ltr'><strong>ex</strong></span> <span class='ocrx_word' id='word_1_104' title='bbox 1186 967 1248 998; x_wconf 87' lang='lat' dir='ltr'><strong>illis</strong></span> <span class='ocrx_word' id='word_1_105' title='bbox 1263 973 1466 1010; x_wconf 84' lang='lat' dir='ltr'><strong>preparetur,</strong></span> 
     </span>
     <span class='ocr_line' id='line_1_14' title="bbox 146 1020 1468 1065; baseline -0.002 -13"><span class='ocrx_word' id='word_1_106' title='bbox 146 1020 416 1065; x_wconf 88' lang='lat' dir='ltr'><strong>quemadmodum</strong></span> <span class='ocrx_word' id='word_1_107' title='bbox 447 1032 502 1052; x_wconf 84' lang='lat' dir='ltr'><strong>nos</strong></span> <span class='ocrx_word' id='word_1_108' title='bbox 527 1020 619 1052; x_wconf 86' lang='lat' dir='ltr'><strong>docet</strong></span> <span class='ocrx_word' id='word_1_109' title='bbox 647 1020 695 1051; x_wconf 90' lang='lat' dir='ltr'><strong>Cl.</strong></span> <span class='ocrx_word' id='word_1_110' title='bbox 724 1020 862 1051; x_wconf 77' lang='lat' dir='ltr'><strong>olivier.</strong></span> <span class='ocrx_word' id='word_1_111' title='bbox 904 1021 960 1052; x_wconf 86' lang='lat' dir='ltr'><strong>Hae</strong></span> <span class='ocrx_word' id='word_1_112' title='bbox 987 1020 1106 1062; x_wconf 84' lang='lat' dir='ltr'><strong>species</strong></span> <span class='ocrx_word' id='word_1_113' title='bbox 1128 1031 1192 1050; x_wconf 89' lang='lat' dir='ltr'><strong>non</strong></span> <span class='ocrx_word' id='word_1_114' title='bbox 1216 1031 1286 1050; x_wconf 88' lang='lat' dir='ltr'><strong>raro</strong></span> <span class='ocrx_word' id='word_1_115' title='bbox 1311 1021 1406 1050; x_wconf 88' lang='lat' dir='ltr'><strong>etiam</strong></span> <span class='ocrx_word' id='word_1_116' title='bbox 1434 1021 1468 1050; x_wconf 89' lang='lat' dir='ltr'><strong>in</strong></span> 
     </span>
     <span class='ocr_line' id='line_1_15' title="bbox 147 1073 1470 1114; baseline -0.002 -8"><span class='ocrx_word' id='word_1_117' title='bbox 147 1075 270 1107; x_wconf 82' lang='lat' dir='ltr'><strong>viciniis</strong></span> <span class='ocrx_word' id='word_1_118' title='bbox 288 1074 635 1105; x_wconf 64' lang='lat' dir='ltr'><strong>Lutetiae—Parisiorum</strong></span> <span class='ocrx_word' id='word_1_119' title='bbox 656 1079 823 1112; x_wconf 88' lang='lat' dir='ltr'><strong>crescunt,</strong></span> <span class='ocrx_word' id='word_1_120' title='bbox 844 1073 945 1105; x_wconf 88' lang='lat' dir='ltr'><strong>veluti</strong></span> <span class='ocrx_word' id='word_1_121' title='bbox 971 1073 1090 1104; x_wconf 73' lang='lat' dir='ltr'><strong>Orchis-</strong></span> <span class='ocrx_word' id='word_1_122' title='bbox 1107 1073 1327 1114; x_wconf 79' lang='lat' dir='ltr'><strong>piramidczlz&#39;s</strong></span> <span class='ocrx_word' id='word_1_123' title='bbox 1337 1095 1349 1110; x_wconf 91' lang='lat'><strong>,</strong></span> <span class='ocrx_word' id='word_1_124' title='bbox 1378 1085 1470 1103; x_wconf 81' lang='lat' dir='ltr'><strong>mas—-</strong></span> 
     </span>
     <span class='ocr_line' id='line_1_16' title="bbox 150 1126 1470 1169; baseline -0.002 -10"><span class='ocrx_word' id='word_1_125' title='bbox 150 1128 247 1165; x_wconf 75' lang='lat' dir='ltr'><strong>cula,</strong></span> <span class='ocrx_word' id='word_1_126' title='bbox 263 1128 384 1164; x_wconf 82' lang='lat' dir='ltr'><strong>morio,</strong></span> <span class='ocrx_word' id='word_1_127' title='bbox 398 1133 459 1159; x_wconf 88' lang='lat' dir='ltr'><strong>etc.</strong></span> <span class='ocrx_word' id='word_1_128' title='bbox 486 1128 635 1158; x_wconf 86' lang='lat' dir='ltr'><strong>Attamen</strong></span> <span class='ocrx_word' id='word_1_129' title='bbox 653 1127 746 1169; x_wconf 91' lang='lat' dir='ltr'><strong>Salep</strong></span> <span class='ocrx_word' id='word_1_130' title='bbox 765 1132 867 1157; x_wconf 86' lang='lat' dir='ltr'><strong>tantas</strong></span> <span class='ocrx_word' id='word_1_131' title='bbox 886 1126 971 1157; x_wconf 86' lang='lat' dir='ltr'><strong>subit</strong></span> <span class='ocrx_word' id='word_1_132' title='bbox 992 1126 1254 1165; x_wconf 83' lang='lat' dir='ltr'><strong>modificationes,</strong></span> <span class='ocrx_word' id='word_1_133' title='bbox 1276 1132 1312 1157; x_wconf 89' lang='lat' dir='ltr'><strong>ut</strong></span> <span class='ocrx_word' id='word_1_134' title='bbox 1330 1127 1470 1169; x_wconf 82' lang='lat' dir='ltr'><strong>pretium</strong></span> 
     </span>
     <span class='ocr_line' id='line_1_17' title="bbox 149 1178 1470 1224; baseline -0.002 -12"><span class='ocrx_word' id='word_1_135' title='bbox 149 1183 246 1213; x_wconf 86' lang='lat' dir='ltr'><strong>unius</strong></span> <span class='ocrx_word' id='word_1_136' title='bbox 274 1181 409 1224; x_wconf 90' lang='lat' dir='ltr'><strong>duplum</strong></span> <span class='ocrx_word' id='word_1_137' title='bbox 435 1181 475 1211; x_wconf 89' lang='lat' dir='ltr'><strong>sit</strong></span> <span class='ocrx_word' id='word_1_138' title='bbox 499 1180 639 1212; x_wconf 87' lang='lat' dir='ltr'><strong>alterius.</strong></span> <span class='ocrx_word' id='word_1_139' title='bbox 673 1180 710 1210; x_wconf 85' lang='lat' dir='ltr'><strong>In</strong></span> <span class='ocrx_word' id='word_1_140' title='bbox 740 1179 844 1210; x_wconf 69' lang='lat' dir='ltr'><strong>nostra</strong></span> <span class='ocrx_word' id='word_1_141' title='bbox 879 1180 1009 1221; x_wconf 82' lang='lat' dir='ltr'><strong>regione</strong></span> <span class='ocrx_word' id='word_1_142' title='bbox 1039 1178 1237 1210; x_wconf 86' lang='lat' dir='ltr'><strong>abundanter</strong></span> <span class='ocrx_word' id='word_1_143' title='bbox 1264 1180 1470 1222; x_wconf 86' lang='lat' dir='ltr'><strong>reperiuntur</strong></span> 
     </span>
     <span class='ocr_line' id='line_1_18' title="bbox 152 1231 1470 1275; baseline -0.001 -10"><span class='ocrx_word' id='word_1_144' title='bbox 152 1234 312 1266; x_wconf 78' lang='lat' dir='ltr'><strong>Orchides</strong></span> <span class='ocrx_word' id='word_1_145' title='bbox 331 1231 501 1264; x_wconf 77' lang='lat' dir='ltr'><strong>maculata</strong></span> <span class='ocrx_word' id='word_1_146' title='bbox 523 1239 555 1264; x_wconf 86' lang='lat' dir='ltr'><strong>et</strong></span> <span class='ocrx_word' id='word_1_147' title='bbox 578 1231 748 1275; x_wconf 82' lang='lat' dir='ltr'><strong>latifolia,</strong></span> <span class='ocrx_word' id='word_1_148' title='bbox 772 1233 805 1262; x_wconf 91' lang='lat' dir='ltr'><strong>in</strong></span> <span class='ocrx_word' id='word_1_149' title='bbox 827 1243 964 1274; x_wconf 83' lang='lat' dir='ltr'><strong>quarum</strong></span> <span class='ocrx_word' id='word_1_150' title='bbox 988 1232 1107 1263; x_wconf 90' lang='lat' dir='ltr'><strong>radices</strong></span> <span class='ocrx_word' id='word_1_151' title='bbox 1128 1232 1256 1275; x_wconf 86' lang='lat' dir='ltr'><strong>quidam</strong></span> <span class='ocrx_word' id='word_1_152' title='bbox 1276 1233 1470 1264; x_wconf 83' lang='lat' dir='ltr'><strong>Pharmaco-</strong></span> 
     </span>
     <span class='ocr_line' id='line_1_19' title="bbox 149 1274 1469 1330; baseline -0.002 -12"><span class='ocrx_word' id='word_1_153' title='bbox 149 1287 241 1330; x_wconf 88' lang='lat' dir='ltr'><strong>polus</strong></span> <span class='ocrx_word' id='word_1_154' title='bbox 255 1288 401 1329; x_wconf 87' lang='lat' dir='ltr'><strong>egregius</strong></span> <span class='ocrx_word' id='word_1_155' title='bbox 421 1286 637 1317; x_wconf 82' lang='lat' dir='ltr'><strong>Bruxellensis</strong></span> <span class='ocrx_word' id='word_1_156' title='bbox 657 1285 795 1328; x_wconf 85' lang='lat' dir='ltr'><strong>plurima</strong></span> <span class='ocrx_word' id='word_1_157' title='bbox 810 1286 948 1316; x_wconf 73' lang='lat' dir='ltr'><strong>instituit</strong></span> <span class='ocrx_word' id='word_1_158' title='bbox 967 1285 1184 1327; x_wconf 82' lang='lat' dir='ltr'><strong>experimenta</strong></span> <span class='ocrx_word' id='word_1_159' title='bbox 1198 1274 1314 1328; x_wconf 65' lang='lat' dir='ltr'><strong>quibus</strong></span> <span class='ocrx_word' id='word_1_160' title='bbox 1328 1292 1469 1317; x_wconf 88' lang='lat' dir='ltr'><strong>constare</strong></span> 
     </span>
     <span class='ocr_line' id='line_1_20' title="bbox 150 1338 1471 1382; baseline -0.001 -11"><span class='ocrx_word' id='word_1_161' title='bbox 150 1339 275 1372; x_wconf 84' lang='lat' dir='ltr'><strong>videtur</strong></span> <span class='ocrx_word' id='word_1_162' title='bbox 300 1339 368 1370; x_wconf 86' lang='lat' dir='ltr'><strong>illas</strong></span> <span class='ocrx_word' id='word_1_163' title='bbox 386 1339 506 1370; x_wconf 88' lang='lat' dir='ltr'><strong>radices</strong></span> <span class='ocrx_word' id='word_1_164' title='bbox 526 1339 631 1382; x_wconf 86' lang='lat' dir='ltr'><strong>quoad</strong></span> <span class='ocrx_word' id='word_1_165' title='bbox 645 1340 852 1382; x_wconf 87' lang='lat' dir='ltr'><strong>proprietates</strong></span> <span class='ocrx_word' id='word_1_166' title='bbox 866 1338 1070 1369; x_wconf 88' lang='lat' dir='ltr'><strong>medicinales</strong></span> <span class='ocrx_word' id='word_1_167' title='bbox 1085 1338 1153 1369; x_wconf 86' lang='lat' dir='ltr'><strong>aliis</strong></span> <span class='ocrx_word' id='word_1_168' title='bbox 1170 1350 1234 1369; x_wconf 88' lang='lat' dir='ltr'><strong>non</strong></span> <span class='ocrx_word' id='word_1_169' title='bbox 1255 1349 1321 1369; x_wconf 88' lang='lat' dir='ltr'><strong>esse</strong></span> <span class='ocrx_word' id='word_1_170' title='bbox 1335 1338 1471 1370; x_wconf 88' lang='lat' dir='ltr'><strong>inferio-</strong></span> 
     </span>
     <span class='ocr_line' id='line_1_21' title="bbox 150 1391 1469 1435; baseline -0.002 -10"><span class='ocrx_word' id='word_1_171' title='bbox 150 1404 210 1426; x_wconf 73' lang='lat' dir='ltr'><strong>res,</strong></span> <span class='ocrx_word' id='word_1_172' title='bbox 227 1392 275 1423; x_wconf 77' lang='lat' dir='ltr'><strong>lui</strong></span> <span class='ocrx_word' id='word_1_173' title='bbox 292 1393 348 1435; x_wconf 92' lang='lat' dir='ltr'><strong>qui</strong></span> <span class='ocrx_word' id='word_1_174' title='bbox 363 1392 491 1423; x_wconf 88' lang='lat' dir='ltr'><strong>lucrum</strong></span> <span class='ocrx_word' id='word_1_175' title='bbox 507 1391 600 1423; x_wconf 90' lang='lat' dir='ltr'><strong>corde</strong></span> <span class='ocrx_word' id='word_1_176' title='bbox 617 1392 744 1431; x_wconf 84' lang='lat' dir='ltr'><strong>fovent,</strong></span> <span class='ocrx_word' id='word_1_177' title='bbox 766 1393 799 1423; x_wconf 90' lang='lat' dir='ltr'><strong>in</strong></span> <span class='ocrx_word' id='word_1_178' title='bbox 820 1392 881 1423; x_wconf 88' lang='lat' dir='ltr'><strong>hoc</strong></span> <span class='ocrx_word' id='word_1_179' title='bbox 897 1392 1078 1423; x_wconf 88' lang='lat' dir='ltr'><strong>commercii</strong></span> <span class='ocrx_word' id='word_1_180' title='bbox 1092 1402 1210 1434; x_wconf 87' lang='lat' dir='ltr'><strong>genere</strong></span> <span class='ocrx_word' id='word_1_181' title='bbox 1229 1391 1315 1434; x_wconf 91' lang='lat' dir='ltr'><strong>quod</strong></span> <span class='ocrx_word' id='word_1_182' title='bbox 1331 1391 1469 1423; x_wconf 89' lang='lat' dir='ltr'><strong>multum</strong></span> 
     </span>
     <span class='ocr_line' id='line_1_22' title="bbox 151 1437 1470 1488; baseline 0 -11"><span class='ocrx_word' id='word_1_183' title='bbox 151 1445 305 1477; x_wconf 89' lang='lat' dir='ltr'><strong>commodi</strong></span> <span class='ocrx_word' id='word_1_184' title='bbox 321 1445 491 1488; x_wconf 81' lang='lat' dir='ltr'><strong>praeberet,</strong></span> <span class='ocrx_word' id='word_1_185' title='bbox 507 1445 668 1477; x_wconf 85' lang='lat' dir='ltr'><strong>haeserunt</strong></span> <span class='ocrx_word' id='word_1_186' title='bbox 683 1444 902 1476; x_wconf 82' lang='lat' dir='ltr'><strong>tantummodo</strong></span> <span class='ocrx_word' id='word_1_187' title='bbox 921 1456 960 1476; x_wconf 83' lang='lat' dir='ltr'><strong>ex</strong></span> <span class='ocrx_word' id='word_1_188' title='bbox 977 1456 1014 1477; x_wconf 93' lang='lat' dir='ltr'><strong>eo</strong></span> <span class='ocrx_word' id='word_1_189' title='bbox 1020 1469 1031 1485; x_wconf 83' lang='grc'>,</span> <span class='ocrx_word' id='word_1_190' title='bbox 1048 1437 1133 1488; x_wconf 28' lang='lat' dir='ltr'><strong>quo-d</strong></span> <span class='ocrx_word' id='word_1_191' title='bbox 1149 1444 1274 1476; x_wconf 88' lang='lat' dir='ltr'><strong>cultura</strong></span> <span class='ocrx_word' id='word_1_192' title='bbox 1292 1444 1470 1477; x_wconf 87' lang='lat' dir='ltr'><strong>orchidum</strong></span> 
     </span>
     <span class='ocr_line' id='line_1_23' title="bbox 149 1498 856 1542; baseline 0 -12"><span class='ocrx_word' id='word_1_193' title='bbox 149 1499 302 1542; x_wconf 87' lang='lat' dir='ltr'><strong>plurimas</strong></span> <span class='ocrx_word' id='word_1_194' title='bbox 322 1498 521 1531; x_wconf 81' lang='lat' dir='ltr'><strong>difficultates</strong></span> <span class='ocrx_word' id='word_1_195' title='bbox 541 1509 649 1530; x_wconf 87' lang='lat' dir='ltr'><strong>secum</strong></span> <span class='ocrx_word' id='word_1_196' title='bbox 671 1504 856 1542; x_wconf 87' lang='lat' dir='ltr'><strong>comportet.</strong></span> 
     </span>
    </p>
   </div>
   <div class='ocr_carea' id='block_1_5' title="bbox 741 1594 881 1637">
    <p class='ocr_par' dir='ltr' id='par_1_5' title="bbox 741 1594 881 1637">
     <span class='ocr_line' id='line_1_24' title="bbox 741 1594 881 1637; baseline -0.007 -11"><span class='ocrx_word' id='word_1_197' title='bbox 741 1594 881 1637; x_wconf 61' lang='lat' dir='ltr'><strong>§xil</strong></span> 
     </span>
    </p>
   </div>
   <div class='ocr_carea' id='block_1_6' title="bbox 153 1679 1473 1991">
    <p class='ocr_par' dir='ltr' id='par_1_6' title="bbox 153 1679 1473 1991">
     <span class='ocr_line' id='line_1_25' title="bbox 194 1679 1472 1723; baseline 0 -11"><span class='ocrx_word' id='word_1_198' title='bbox 194 1682 232 1713; x_wconf 88' lang='lat' dir='ltr'><strong>In</strong></span> <span class='ocrx_word' id='word_1_199' title='bbox 252 1681 401 1720; x_wconf 86' lang='lat' dir='ltr'><strong>Oriente,</strong></span> <span class='ocrx_word' id='word_1_200' title='bbox 424 1680 517 1723; x_wconf 87' lang='lat' dir='ltr'><strong>Salep</strong></span> <span class='ocrx_word' id='word_1_201' title='bbox 539 1681 626 1712; x_wconf 83' lang='lat' dir='ltr'><strong>facili</strong></span> <span class='ocrx_word' id='word_1_202' title='bbox 649 1680 742 1712; x_wconf 88' lang='lat' dir='ltr'><strong>modo</strong></span> <span class='ocrx_word' id='word_1_203' title='bbox 763 1686 968 1723; x_wconf 86' lang='lat' dir='ltr'><strong>praeparatur.</strong></span> <span class='ocrx_word' id='word_1_204' title='bbox 997 1680 1110 1712; x_wconf 84' lang='lat' dir='ltr'><strong>Turcae</strong></span> <span class='ocrx_word' id='word_1_205' title='bbox 1131 1679 1270 1723; x_wconf 86' lang='lat' dir='ltr'><strong>seligunt</strong></span> <span class='ocrx_word' id='word_1_206' title='bbox 1289 1680 1472 1723; x_wconf 86' lang='lat' dir='ltr'><strong>pulcherri-</strong></span> 
     </span>
     <span class='ocr_line' id='line_1_26' title="bbox 153 1732 1472 1777; baseline 0.001 -12"><span class='ocrx_word' id='word_1_207' title='bbox 153 1745 220 1766; x_wconf 88' lang='lat' dir='ltr'><strong>mas</strong></span> <span class='ocrx_word' id='word_1_208' title='bbox 238 1734 386 1766; x_wconf 92' lang='lat' dir='ltr'><strong>Orchidis</strong></span> <span class='ocrx_word' id='word_1_209' title='bbox 408 1734 528 1765; x_wconf 89' lang='lat' dir='ltr'><strong>radices</strong></span> <span class='ocrx_word' id='word_1_210' title='bbox 551 1745 643 1777; x_wconf 82' lang='lat' dir='ltr'><strong>quas,</strong></span> <span class='ocrx_word' id='word_1_211' title='bbox 672 1739 845 1777; x_wconf 84' lang='lat' dir='ltr'><strong>apparente</strong></span> <span class='ocrx_word' id='word_1_212' title='bbox 867 1733 964 1773; x_wconf 89' lang='lat' dir='ltr'><strong>flore,</strong></span> <span class='ocrx_word' id='word_1_213' title='bbox 992 1744 1031 1765; x_wconf 82' lang='lat' dir='ltr'><strong>ex</strong></span> <span class='ocrx_word' id='word_1_214' title='bbox 1055 1733 1138 1764; x_wconf 66' lang='lat' dir='ltr'><strong>terra</strong></span> <span class='ocrx_word' id='word_1_215' title='bbox 1161 1732 1321 1773; x_wconf 87' lang='lat' dir='ltr'><strong>evellunt,</strong></span> <span class='ocrx_word' id='word_1_216' title='bbox 1344 1740 1376 1765; x_wconf 88' lang='lat' dir='ltr'><strong>et</strong></span> <span class='ocrx_word' id='word_1_217' title='bbox 1400 1746 1472 1766; x_wconf 85' lang='lat' dir='ltr'><strong>cor—</strong></span> 
     </span>
     <span class='ocr_line' id='line_1_27' title="bbox 153 1785 1471 1830; baseline -0.002 -11"><span class='ocrx_word' id='word_1_218' title='bbox 153 1788 216 1819; x_wconf 86' lang='lat' dir='ltr'><strong>tice</strong></span> <span class='ocrx_word' id='word_1_219' title='bbox 236 1787 366 1819; x_wconf 66' lang='lat' dir='ltr'><strong>externa</strong></span> <span class='ocrx_word' id='word_1_220' title='bbox 387 1785 505 1826; x_wconf 67' lang='lat' dir='ltr'><strong>ablata,</strong></span> <span class='ocrx_word' id='word_1_221' title='bbox 528 1798 618 1830; x_wconf 90' lang='lat' dir='ltr'><strong>aquae</strong></span> <span class='ocrx_word' id='word_1_222' title='bbox 637 1786 761 1830; x_wconf 85' lang='lat' dir='ltr'><strong>frigidae</strong></span> <span class='ocrx_word' id='word_1_223' title='bbox 780 1786 900 1829; x_wconf 82' lang='lat' dir='ltr'><strong>aliquot:</strong></span> <span class='ocrx_word' id='word_1_224' title='bbox 920 1786 1011 1817; x_wconf 86' lang='lat' dir='ltr'><strong>horas</strong></span> <span class='ocrx_word' id='word_1_225' title='bbox 1030 1787 1239 1828; x_wconf 88' lang='lat' dir='ltr'><strong>immergunt.</strong></span> <span class='ocrx_word' id='word_1_226' title='bbox 1262 1786 1401 1826; x_wconf 89' lang='lat' dir='ltr'><strong>Deinde,</strong></span> <span class='ocrx_word' id='word_1_227' title='bbox 1419 1787 1471 1818; x_wconf 90' lang='lat' dir='ltr'><strong>filo</strong></span> 
     </span>
     <span class='ocr_line' id='line_1_28' title="bbox 154 1839 1473 1884; baseline -0.002 -12"><span class='ocrx_word' id='word_1_228' title='bbox 154 1841 349 1880; x_wconf 85' lang='lat' dir='ltr'><strong>transmisso,</strong></span> <span class='ocrx_word' id='word_1_229' title='bbox 370 1841 404 1871; x_wconf 91' lang='lat' dir='ltr'><strong>in</strong></span> <span class='ocrx_word' id='word_1_230' title='bbox 424 1840 507 1884; x_wconf 61' lang='lat' dir='ltr'><strong>aqua</strong></span> <span class='ocrx_word' id='word_1_231' title='bbox 524 1840 749 1884; x_wconf 79' lang='lat' dir='ltr'><strong>decoquuntur</strong></span> <span class='ocrx_word' id='word_1_232' title='bbox 763 1846 795 1871; x_wconf 89' lang='lat' dir='ltr'><strong>et</strong></span> <span class='ocrx_word' id='word_1_233' title='bbox 814 1841 849 1872; x_wconf 88' lang='lat' dir='ltr'><strong>in</strong></span> <span class='ocrx_word' id='word_1_234' title='bbox 866 1842 938 1872; x_wconf 69' lang='lat' dir='ltr'><strong>aere</strong></span> <span class='ocrx_word' id='word_1_235' title='bbox 956 1839 1055 1871; x_wconf 88' lang='lat' dir='ltr'><strong>libero</strong></span> <span class='ocrx_word' id='word_1_236' title='bbox 1074 1840 1243 1870; x_wconf 87' lang='lat' dir='ltr'><strong>siccantur.</strong></span> <span class='ocrx_word' id='word_1_237' title='bbox 1264 1839 1395 1870; x_wconf 87' lang='lat' dir='ltr'><strong>Radices</strong></span> <span class='ocrx_word' id='word_1_238' title='bbox 1414 1851 1473 1870; x_wconf 77' lang='lat' dir='ltr'><strong>ex—</strong></span> 
     </span>
     <span class='ocr_line' id='line_1_29' title="bbox 155 1892 1472 1936; baseline -0.002 -11"><span class='ocrx_word' id='word_1_239' title='bbox 155 1894 277 1925; x_wconf 86' lang='lat' dir='ltr'><strong>siccatae</strong></span> <span class='ocrx_word' id='word_1_240' title='bbox 300 1893 467 1936; x_wconf 86' lang='lat' dir='ltr'><strong>peHucidae</strong></span> <span class='ocrx_word' id='word_1_241' title='bbox 488 1900 521 1925; x_wconf 86' lang='lat' dir='ltr'><strong>et</strong></span> <span class='ocrx_word' id='word_1_242' title='bbox 540 1894 714 1926; x_wconf 76' lang='lat' dir='ltr'><strong>durissimae</strong></span> <span class='ocrx_word' id='word_1_243' title='bbox 736 1893 892 1933; x_wconf 89' lang='lat' dir='ltr'><strong>evadunt,</strong></span> <span class='ocrx_word' id='word_1_244' title='bbox 916 1893 1052 1936; x_wconf 87' lang='lat' dir='ltr'><strong>ideoque</strong></span> <span class='ocrx_word' id='word_1_245' title='bbox 1074 1893 1108 1924; x_wconf 89' lang='lat' dir='ltr'><strong>in</strong></span> <span class='ocrx_word' id='word_1_246' title='bbox 1128 1892 1196 1923; x_wconf 89' lang='lat' dir='ltr'><strong>loco</strong></span> <span class='ocrx_word' id='word_1_247' title='bbox 1216 1893 1298 1923; x_wconf 89' lang='lat' dir='ltr'><strong>sicco</strong></span> <span class='ocrx_word' id='word_1_248' title='bbox 1323 1903 1380 1934; x_wconf 89' lang='lat' dir='ltr'><strong>per</strong></span> <span class='ocrx_word' id='word_1_249' title='bbox 1399 1893 1472 1923; x_wconf 89' lang='lat' dir='ltr'><strong>lon-</strong></span> 
     </span>
     <span class='ocr_line' id='line_1_30' title="bbox 156 1947 989 1991; baseline -0.002 -12"><span class='ocrx_word' id='word_1_250' title='bbox 156 1959 233 1991; x_wconf 88' lang='lat' dir='ltr'><strong>gum</strong></span> <span class='ocrx_word' id='word_1_251' title='bbox 254 1947 403 1991; x_wconf 79' lang='lat' dir='ltr'><strong>temporis</strong></span> <span class='ocrx_word' id='word_1_252' title='bbox 422 1948 626 1981; x_wconf 89' lang='lat' dir='ltr'><strong>intervaHum</strong></span> <span class='ocrx_word' id='word_1_253' title='bbox 648 1948 826 1981; x_wconf 89' lang='lat' dir='ltr'><strong>conservari</strong></span> <span class='ocrx_word' id='word_1_254' title='bbox 849 1952 989 1990; x_wconf 89' lang='lat' dir='ltr'><strong>possunt.</strong></span> 
     </span>
    </p>
   </div>
   <div class='ocr_carea' id='block_1_7' title="bbox 157 2037 1470 2110">
    <p class='ocr_par' dir='ltr' id='par_1_7' title="bbox 157 2037 1470 2110">
     <span class='ocr_line' id='line_1_31' title="bbox 186 2037 1470 2072; baseline 0 -10"><span class='ocrx_word' id='word_1_255' title='bbox 186 2039 230 2069; x_wconf 82' lang='lat'><strong>(²)</strong></span> <span class='ocrx_word' id='word_1_256' title='bbox 245 2039 314 2063; x_wconf 80' lang='lat' dir='ltr'><strong>Doct.</strong></span> <span class='ocrx_word' id='word_1_257' title='bbox 327 2040 398 2069; x_wconf 79' lang='lat' dir='ltr'><strong>Bosc,</strong></span> <span class='ocrx_word' id='word_1_258' title='bbox 407 2040 444 2063; x_wconf 81' lang='lat' dir='ltr'><strong>uti</strong></span> <span class='ocrx_word' id='word_1_259' title='bbox 454 2040 503 2071; x_wconf 76' lang='lat' dir='ltr'><strong>ipse</strong></span> <span class='ocrx_word' id='word_1_260' title='bbox 511 2046 594 2065; x_wconf 77' lang='lat' dir='ltr'><strong>narrat</strong></span> <span class='ocrx_word' id='word_1_261' title='bbox 603 2041 629 2065; x_wconf 85' lang='lat' dir='ltr'><strong>in</strong></span> <span class='ocrx_word' id='word_1_262' title='bbox 640 2049 709 2072; x_wconf 81' lang='lat' dir='ltr'><strong>opere</strong></span> <span class='ocrx_word' id='word_1_263' title='bbox 718 2051 722 2064; x_wconf 88' lang='grc'><strong>.-</strong></span> <span class='ocrx_word' id='word_1_264' title='bbox 733 2041 850 2066; x_wconf 76' lang='lat' dir='ltr'><strong>Nouveau</strong></span> <span class='ocrx_word' id='word_1_265' title='bbox 859 2049 927 2065; x_wconf 79' lang='lat' dir='ltr'><strong>coun</strong></span> <span class='ocrx_word' id='word_1_266' title='bbox 935 2040 1038 2071; x_wconf 80' lang='lat' dir='ltr'><strong>complet</strong></span> <span class='ocrx_word' id='word_1_267' title='bbox 1047 2039 1224 2071; x_wconf 74' lang='lat' dir='ltr'><strong>d&#39;agriculture.</strong></span> <span class='ocrx_word' id='word_1_268' title='bbox 1234 2037 1470 2067; x_wconf 66' lang='lat' dir='ltr'><strong>Paris,MDccc1x.</strong></span> 
     </span>
     <span class='ocr_line' id='line_1_32' title="bbox 157 2078 400 2110; baseline 0.004 -8"><span class='ocrx_word' id='word_1_269' title='bbox 157 2078 226 2103; x_wconf 84' lang='lat' dir='ltr'><strong>Tom.</strong></span> <span class='ocrx_word' id='word_1_270' title='bbox 248 2079 294 2102; x_wconf 87' lang='lat' dir='ltr'><strong>IX.</strong></span> <span class='ocrx_word' id='word_1_271' title='bbox 309 2087 334 2110; x_wconf 85' lang='lat' dir='ltr'><strong>p.</strong></span> <span class='ocrx_word' id='word_1_272' title='bbox 348 2080 400 2110; x_wconf 80' lang='lat'><strong>259.</strong></span> 
     </span>
    </p>
   </div>
  </div>
 </body>
</html>
