1809 2469
891 191 1004 233 (32)

330 267 477 298 Diximus
495 265 538 308 (2
556 276 628 309 pars
648 264 664 307 §
680 264 756 307 21.)
778 263 902 296 caulem
923 275 989 295 esse
1009 263 1197 296 fistulosum.
1219 265 1330 296 Tubus
1345 266 1490 298 internus
1508 272 1614 300 ortum

287 321 375 351 «lucit
399 319 567 362 paululum
589 331 683 361 supra
712 319 917 349 insertionem
946 318 1097 350 fibrarum
1118 318 1321 359 radicalium,
1347 332 1364 350 a
1394 320 1473 352 collo
1501 321 1615 353 radicis

285 381 318 406 ct
337 385 438 416 usque
459 373 497 404 ad
522 373 644 415 apicem
667 372 765 403 caulis
788 372 988 410 extenditur,
1013 373 1054 402 ita
1077 378 1113 403 ut
1132 372 1290 403 maximus
1309 371 1378 416 ejus
1399 373 1552 405 diameter
1576 376 1616 406 sit

286 430 318 458 in
339 439 375 459 eo
399 427 467 458 loco
492 426 547 458 ubi
571 426 718 457 latissima
740 425 814 455 folia
839 431 1031 465 nascuntur,
1052 425 1172 455 scilicet
1192 425 1231 456 ad
1252 426 1396 468 quintam
1417 432 1539 468 partem
1562 427 1616 457 in—

285 482 434 512 feriorem
455 479 564 511 caulis.
586 478 697 509 Tubus
717 478 820 520 primo
841 477 880 508 ad
900 477 1018 508 collum
1035 477 1149 509 radicis
1167 479 1282 509 sensim
1301 478 1522 522 paulatimque
1540 491 1614 510 nas-

285 536 369 566 citur
399 533 611 577 disjunctione
635 531 706 562 telae
734 530 912 570 cellulariS,
938 536 971 560 et
996 531 1187 562 intrinsecus
1213 532 1317 573 specie
1343 531 1537 563 membranae
1563 532 1615 564 vel

284 586 488 630 epidermidis
509 585 548 616 ad
568 585 686 627 spicam
707 583 791 614 floris
811 594 876 614 sese
897 583 1115 623 extendentis,
1137 583 1318 615 obducitur.

327 641 503 683 Nunquam
521 649 624 670 ramos
642 637 681 668 ad
701 637 827 668 caulem
849 637 996 668 Orchidis
1015 637 1172 677 latifoliae,
1196 650 1267 681 quae
1285 638 1537 681 simplicissimus
1553 646 1614 679 est,

284 695 433 727 vidimus.
454 693 546 723 Nodi
561 693 594 722 in
619 690 709 722 caule
729 697 948 729 occurrentem
973 701 1098 732 semper
1119 691 1230 721 eodem
1252 702 1388 722 numero
1413 697 1558 723 constant
1578 704 1615 724 ac

282 748 359 779 solia
381 759 399 778 a
418 745 534 789 quibus
554 755 664 776 revera
685 743 837 786 pendent.
864 743 947 774 Nodi
968 744 1053 774 enim
1079 744 1205 774 nonnisi
1225 743 1438 788 disjunctione
1463 744 1616 777 fibrarum

285 812 356 843 quae
381 799 505 831 caulem
530 803 563 828 et
584 797 658 828 folia
680 797 897 835 constituunt,
920 796 1146 839 producuntur
1166 797 1263 839 (Vid.
1292 797 1372 828 Tab.
1399 797 1536 839 II·fi⁰'·
1561 799 1614 830 23.

286 853 380 895 bod).
426 852 464 882 In
488 850 627 881 secunda
654 856 743 893 parte
768 852 873 882 omnia
899 851 1024 882 criteria
1049 851 1149 883 caulis
1175 852 1399 895 exposuimu8‚
1430 851 1469 882 de
1498 851 1616 895 quibus

285 918 360 948 ergo
381 905 473 949 plura
498 904 604 935 dicere
626 904 740 935 inutile
762 911 853 936 esset.

806 1008 862 1039 IV.
908 1008 965 1039 De
982 1007 1097 1050 foliis.

858 1094 881 1135 S
926 1093 1040 1123 XLIII.

330 1182 446 1214 Omnia
466 1181 519 1212 illa
540 1192 611 1223 quae
632 1179 839 1211 observantur
857 1180 890 1209 in
909 1177 1231 1221 Monocotyledonum
1251 1178 1351 1219 foliis,
1373 1179 1467 1210 etiam
1483 1179 1516 1210 in
1533 1179 1617 1212 foliis
1637 1198 1643 1200 -

285 1237 431 1269 Orchidis
453 1235 593 1266 latifoliae
609 1234 716 1265 locum
735 1233 865 1264 habent.
887 1233 1015 1275 Organa
1034 1237 1109 1263 sunt
1127 1233 1324 1272 nutritionis,
1343 1232 1617 1275 quemadmodum

281 1297 353 1322 satis
377 1296 489 1321 notum
511 1295 568 1319 est.

325 1346 395 1388 Ipsa
428 1343 610 1375 examinare
639 1340 792 1373 debemus
819 1346 966 1384 respectu
1000 1341 1035 1370 1⁰
1062 1339 1316 1381 compositionis,
1349 1340 1386 1369 2⁰
1410 1339 1612 1382 superficiei,

283 1400 318 1430 3⁰
345 1408 529 1430 nervorum.

328 1454 375 1483 1⁰.
400 1452 520 1482 Earum
540 1449 724 1493 compositio
744 1448 833 1480 nobis
858 1448 1007 1491 vaginam
1032 1453 1065 1479 et
1089 1447 1242 1478 laminam
1262 1445 1404 1477 exhibet.

327 1517 359 1536 α.
388 1504 433 1537 V
430 1505 536 1547 agina
556 1514 596 1534 ex
619 1502 752 1545 singulis
777 1501 867 1533 nodis
887 1501 986 1532 caulis
1010 1500 1167 1539 nascitur,
1191 1505 1224 1530 et
1245 1498 1430 1530 extenditur
1451 1509 1553 1541 usque
1576 1498 1617 1530 ad

281 1559 506 1602 expansionem
526 1557 669 1596 laminae,
694 1567 766 1599 quae
789 1555 936 1586 strictiori
957 1566 1052 1586 sensu
1072 1553 1198 1584 nonnisi
1220 1553 1342 1595 vaginae
1366 1562 1531 1595 processus
1554 1558 1611 1583 est.

282 1612 470 1645 Articulatio
497 1611 596 1653 igitur
619 1610 742 1652 vaginae
765 1609 901 1641 efficitur
924 1610 991 1652 ipso
1011 1609 1045 1639 in
1070 1607 1169 1645 nodo,
1200 1607 1257 1650 qui
1278 1607 1405 1645 firmus,
1426 1605 1559 1645 solidus,
1584 1611 1616 1636 et

284 1667 457 1698 continuus
481 1664 638 1706 originem
662 1673 726 1694 non
748 1663 868 1706 praebet
884 1662 1099 1694 articulationi
1122 1660 1241 1704 absque
1265 1660 1330 1692 ulla
1353 1659 1544 1690 laceratione
1564 1670 1617 1690 se·-

283 1719 434 1763 parabih,
461 1716 732 1761 quemadmodum
752 1716 833 1748 illud
857 1717 891 1747 in
912 1715 1076 1747 nonnullis
1093 1714 1211 1758 plantis
1235 1720 1268 1745 et
1288 1713 1464 1757 praesertim
1485 1713 1519 1743 in
1541 1723 1616 1755 gra-

284 1773 416 1812 mineis,
439 1777 518 1811 etc.,
545 1771 652 1802 locum
676 1769 782 1801 habet.

327 1825 516 1858 Articulatio
537 1825 658 1867 vagiuae
677 1829 773 1866 atque
792 1823 868 1855 nodi
888 1834 953 1854 non
972 1820 1175 1853 horizontalis
1196 1819 1252 1851 sed
1274 1825 1468 1859 transversa,
1486 1817 1615 1861 obliqua

284 1886 351 1920 est,
381 1880 426 1910 ita
450 1884 489 1910 ut
517 1883 676 1921 punctum
705 1875 830 1920 majoris
862 1875 1040 1907 altitudinis
1072 1876 1107 1906 in
1143 1873 1255 1906 eodem
1282 1873 1352 1905 loco
1381 1872 1516 1912 haereat,
1559 1870 1617 1902 ubi

285 1934 372 1976 origo
393 1931 520 1976 majoris
541 1930 639 1962 medii
661 1931 753 1962 nervi
778 1930 846 1961 folii
866 1929 1063 1962 observatur.

329 1987 379 2017 Ex
409 1984 579 2016 stabilitate
614 1983 842 2015 articula-tionis
875 1982 990 2014 folium
1027 1981 1146 2013 dicitur
1176 1980 1362 2023 persistens,
1393 1978 1514 2011 scilicet
1542 1978 1618 2021 quia

285 2038 398 2072 eodem
419 2044 563 2081 tempore
588 2048 623 2069 ac
647 2036 755 2080 planta
777 2037 902 2080 integra
926 2034 1148 2069 tantummodo
1167 2034 1262 2078 perit.
