1809 2469
757 207 771 249 (
793 208 830 239 31
859 208 871 250 )

148 277 182 308 in
202 277 355 320 producta
381 279 522 319 catheto,
549 291 566 310 a
587 285 706 322 puncto
729 279 872 310 radiante
893 280 927 310 in
949 282 1115 323 speculum
1140 283 1287 323 demissa,
1306 285 1382 324 sito,
1405 290 1436 315 et
1456 296 1474 315 a

147 330 270 373 speculi
299 333 465 374 superficie
498 333 663 375 posteriori
697 332 808 363 eodem
839 333 1006 364 intervallo
1036 335 1179 366 verticali
1215 336 1370 376 distante,
1409 349 1473 380 quo

149 390 307 425 punctum
334 385 456 416 radians
477 385 516 416 ab
534 386 633 427 ipsius
654 386 821 427 superficie
841 387 991 417 anteriori
1018 387 1121 418 distat.

193 438 252 468 IX.
284 438 316 469 Si
338 440 404 469 axis
428 439 549 481 speculi
572 439 716 481 sphaerici
739 439 895 471 collectivi
919 439 1033 483 (cujus
1058 442 1240 483 superficies
1266 443 1394 473 interna
1418 442 1475 474 lae-

155 490 256 533 vigata
275 491 339 533 est)
362 491 425 522 Soli
447 492 640 532 obvertitur,
661 493 741 524 illud
763 505 871 524 omnes
892 494 993 525 radios
1011 495 1044 524 in
1059 495 1157 536 ipsius
1177 497 1375 537 superficiem
1398 508 1476 526 con—

150 543 267 588 jectos,
297 546 329 576 in
356 547 456 587 spatio
479 547 715 589 angustissimo,
745 553 853 578 centro
882 549 1073 590 geometrico
1104 555 1199 591 atque
1225 550 1328 591 optico
1354 549 1476 591 speculi

150 598 209 637 ita,
236 603 273 629 ut
296 598 407 641 aequali
429 598 468 629 ab
491 605 628 642 utroque
651 601 819 632 intervallo
843 600 957 641 distet,
982 601 1148 645 interjecto
1172 602 1307 644 colligit,
1333 614 1397 645 quo
1420 603 1475 642 fit,

151 656 189 682 ut
213 651 248 681 in
267 652 325 682 isto
349 653 449 694 spatio
472 652 602 683 luminis
631 653 727 684 simul
750 659 845 696 atque
872 654 981 685 caloris
1006 655 1236 685 intensissimus
1263 655 1379 697 gradus
1401 667 1478 698 pro-

152 703 309 744 ducatur,
350 705 436 736 unde
464 705 549 736 istud
577 707 715 748 spatium
745 708 875 738 nomine
898 707 992 749 foci,
1030 707 1163 751 ejusque
1192 719 1209 738 a
1235 713 1343 738 centro
1374 709 1478 750 optico

151 757 273 799 speculi
297 757 442 788 distantia
469 759 641 789 distantia?
659 758 784 803 foculis
807 759 899 791 titulo
919 761 1064 802 insigniri
1086 761 1174 791 solet.

196 810 240 840 X.
270 810 414 849 Quilibet
428 811 534 842 radius
549 811 678 854 speculo
694 812 857 843 coilectivo
875 813 1053 843 secundum
1070 813 1277 844 directionem
1300 814 1353 844 axi
1373 813 1479 856 paral-

153 862 248 894 lelam
268 863 410 894 incidens
431 874 539 895 versus
563 864 671 894 focum
693 864 878 894 reflectitur.

198 915 256 945 XI.
284 915 403 946 Omnes
425 916 504 946 radii
525 927 563 947 ex
590 918 686 947 unico
710 916 847 958 quodam
872 923 992 959 puncto
1017 919 1181 950 venientes
1201 919 1252 951 vel
1275 919 1309 949 in
1332 919 1399 961 ipso
1422 930 1480 949 axe

154 967 212 998 sito
232 967 283 998 vel
308 969 366 1010 ipsi
390 969 553 1010 proximo,
579 970 622 999 ita
647 969 878 1009 reflectuntur,
909 976 947 1001 ut
972 970 1134 1002 radiorum
1159 972 1352 1002 reflexorum
1376 972 1481 1002 direc—

153 1020 254 1062 tiones
279 1022 397 1063 pariter
424 1022 458 1052 in
486 1033 550 1053 uno
578 1028 699 1065 puncto
731 1034 763 1053 se
794 1023 1005 1064 interfecent,
1040 1024 1183 1068 adeoque
1212 1026 1246 1056 in
1275 1025 1329 1056 illo
1359 1026 1480 1056 oriatur

154 1075 267 1117 puncti
301 1075 451 1106 radiantis
477 1076 600 1118 imago,
636 1087 707 1118 quae
732 1076 783 1107 vel
809 1083 882 1108 ante
905 1077 956 1109 vel
981 1084 1051 1120 post
1077 1079 1246 1121 speculum
1274 1080 1331 1110 sita
1356 1085 1402 1110 est
1429 1079 1480 1111 vel

153 1127 278 1158 infinito
300 1128 339 1159 ab
359 1129 414 1159 illo
434 1129 599 1161 intervallo
622 1129 725 1161 distat.
747 1131 815 1162 Hoc
835 1131 890 1163 ubi
910 1131 1016 1163 locum
1037 1132 1149 1173 habet,
1173 1132 1253 1164 radii
1272 1132 1381 1164 reflexi
1399 1133 1480 1163 fiunt

155 1181 308 1223 paralleli.
526 1175 531 1179 ⁹

198 1234 294 1265 Unde
314 1237 458 1278 sequitur
481 1237 584 1279 quod,
614 1239 639 1268 si
663 1238 800 1270 duorum
827 1245 951 1271 tantum
977 1240 1137 1272 radiorum
1161 1252 1199 1272 ex
1223 1241 1336 1272 eodem
1359 1247 1480 1284 puncto

154 1289 339 1320 emissorum
367 1291 444 1321 situs
479 1292 624 1333 cognitus
646 1292 703 1331 sit,
734 1294 768 1323 in
799 1304 895 1335 quem
931 1293 1102 1325 reflexione
1132 1294 1353 1333 reducuntur,
1384 1294 1480 1325 simul

155 1352 283 1384 quoque
310 1343 455 1385 cognitus
479 1344 520 1374 sit
545 1344 742 1387 reliquorum
768 1346 910 1377 omnium
934 1346 1095 1378 radiorum
1121 1346 1316 1378 ressexorum
1337 1347 1376 1378 ad
1395 1347 1480 1378 idem

153 1401 311 1437 punctum
336 1396 508 1428 relatorum
530 1398 618 1429 situs.

197 1449 270 1480 XII.
298 1449 444 1481 Plurium
467 1457 662 1493 punctorum
691 1452 904 1492 radiosorum,
935 1447 1049 1496 aequali
1073 1454 1242 1485 intervallo
1270 1460 1343 1485 ante
1366 1465 1481 1497 specu-

154 1502 222 1534 lum
248 1504 443 1546 positorum,
471 1505 625 1545 imagines
659 1517 787 1548 quoque
813 1506 927 1549 aequali
959 1506 1126 1538 intervallo
1153 1519 1170 1537 a
1197 1507 1326 1549 speculo
1353 1507 1480 1538 distant.

155 1555 250 1587 Unde
275 1563 382 1599 patet,
408 1557 541 1600 objecti,
566 1559 600 1589 in
622 1570 818 1601 quocunque
840 1559 969 1592 demum
991 1559 1060 1590 loco
1085 1566 1158 1590 ante
1179 1560 1346 1602 speculum
1371 1561 1481 1602 positi,

156 1608 258 1639 radios
284 1608 416 1640 reflexos
440 1611 614 1641 necessario
640 1611 791 1654 effingere
817 1612 989 1655 imaginem
1019 1614 1053 1644 in
1079 1613 1186 1656 aliquo
1215 1613 1284 1644 loco
1313 1613 1364 1646 vel
1387 1619 1479 1651 ante,

154 1661 205 1694 vel
227 1668 297 1704 post
316 1663 483 1706 speculum
506 1665 616 1705 posito.

197 1715 285 1746 XIII.
315 1716 347 1747 Si
368 1717 434 1747 axis
457 1717 579 1760 speculi
604 1719 752 1758 convexi,
777 1718 887 1763 (cujus
901 1720 1083 1762 superficies
1097 1726 1234 1751 externa
1254 1720 1396 1763 laevigata
1413 1721 1482 1761 est)

156 1767 212 1799 soli
233 1768 423 1809 obvertitur,
442 1770 609 1813 speculum
628 1771 739 1802 lumen
756 1772 856 1803 solare
880 1772 1052 1816 dispergit,
1077 1774 1121 1804 ita
1146 1773 1295 1816 quidem,
1326 1779 1363 1804 ut
1387 1771 1480 1804 facile

156 1821 363 1853 demonstrari
382 1824 494 1866 possit,
520 1824 668 1866 exiguam
691 1824 770 1855 Solis
789 1826 977 1868 imaginem,
1001 1837 1019 1858 e
1040 1838 1102 1869 qua
1122 1827 1208 1858 istud
1226 1826 1337 1858 lumen
1358 1827 1480 1868 disper-

156 1886 226 1907 sum
254 1876 340 1915 exit,
372 1876 512 1908 medium
538 1883 647 1908 tenere
680 1877 808 1918 locum,
841 1880 925 1910 inter
953 1881 1181 1923 geometricum
1211 1887 1307 1924 atque
1339 1882 1478 1923 opticum

156 1929 277 1972 speculi
303 1936 471 1970 centrum,
500 1931 642 1974 adeoque
672 1938 742 1974 post
766 1933 933 1975 speculum
957 1944 1023 1965 esse
1048 1934 1156 1965 situm.
1190 1934 1286 1964 Unde
1307 1935 1365 1964 iste
1393 1933 1480 1964 locus

156 1988 286 2014 vocatur
299 1982 404 2025 focus
426 1984 547 2026 speculi
570 1987 748 2027 negativus
770 1997 794 2017 s.
820 1988 992 2024 virtualis,
1015 1986 1149 2031 ejusque
1174 1986 1319 2018 distantia
1338 1998 1355 2017 a
1375 1993 1480 2030 poste-

156 2035 231 2066 riori
250 2035 371 2078 speculi
394 2037 560 2080 superficie
585 2038 749 2070 distantia
770 2038 896 2082 focalis
920 2041 1079 2083 negativa
1103 2040 1257 2084 ejusdem.
