1809 2469
808 249 819 291 (
843 248 884 290 iij
906 247 918 289 )

200 345 379 379 invenerim
407 343 493 373 Deoe
521 341 684 373 cultores,
724 336 802 366 dum
822 332 1006 375 pinguium
1037 330 1130 361 bovis
1170 327 1332 370 lactiferae
1361 336 1530 356 munerum

194 400 269 445 fere
302 408 413 429 omnes
439 399 550 426 essent
573 388 811 432 cupidissimi,
844 396 951 427 operae
973 385 1122 426 pretium
1148 394 1197 413 me
1217 380 1391 424 facturum
1411 379 1530 410 existi—

202 454 314 490 mavi,
351 452 382 483 si
406 449 488 481 milii
511 445 716 480 succederet,
747 447 785 472 ut
808 451 908 471 unum
935 439 1117 470 alterumve
1137 446 1267 471 eorum,
1296 433 1419 476 quibus

437 521 468 549 E
488 519 601 549 meliore
624 518 683 545 luto
699 516 788 558 finxit
801 512 963 552 praecordia
987 511 1089 544 Titan,

203 594 251 625 ad
268 603 368 624 sacra
393 591 479 621 Deae
503 585 733 629 amplectenda
750 593 888 625 possem
906 591 1078 623 persuasu
1106 589 1176 609 meo
1194 577 1367 619 pellicere.

247 667 291 698 In
316 663 500 707 appendice
527 659 700 692 scribendo
731 658 802 688 lzaec
820 655 994 698 proecipue
1022 653 1104 684 milii
1121 650 1299 694 proposita
1318 653 1434 680 erant:

248 738 291 780 1)
318 736 546 777 Telescopium
584 738 732 764 nostrum
782 731 814 760 in
855 728 1041 768 exemplum
1081 724 1246 767 subjicere
1294 719 1534 764 perfectissimi

206 793 313 835 operis
338 790 486 831 suscepti
514 794 548 819 et
575 785 724 818 absoluti
751 784 795 814 ab
825 782 1014 813 hominihus
1044 789 1150 810 amore
1177 776 1340 807 Platonico
1373 773 1420 804 ad
1444 778 1533 803 artes

207 845 363 877 colendas
395 842 599 883 compulsis,
628 839 665 869 id
686 837 777 880 quod
801 848 865 866 non
882 837 1020 865 'tantum
1047 833 1086 863 cle
1111 832 1205 862 illius
1228 826 1531 861 machinatoribus,

206 899 268 931 sed
291 898 426 939 pariter
455 896 494 926 de
535 895 577 924 iis
610 902 741 934 quoque
774 888 962 934 artificibus
996 887 1108 922 valet,
1142 884 1201 926 qui
1234 881 1404 913 iconismis
1440 880 1534 911 illius

206 950 400 995 effingendis
433 959 566 990 operam
593 946 709 977 dedere
716 958 729 983 ,-

251 1023 299 1066 2)
327 1022 470 1065 Egregii
491 1019 592 1063 hujus
620 1018 829 1050 instrumenti
855 1015 1108 1057 descriptionem
1130 1012 1312 1054 publicare
1334 1010 1407 1051 ipso
1443 1006 1537 1038 haud

210 1076 386 1120 indignam
412 1080 446 1106 et
467 1075 516 1105 ita
543 1069 736 1108 exaratam,
764 1077 802 1102 ut
826 1072 888 1102 illa
919 1069 1060 1112 legenda
1084 1068 1165 1098 aliis
1187 1076 1319 1108 quoque
1347 1061 1535 1105 artificibus

210 1128 397 1171 comparari
429 1131 549 1168 posset
565 1125 747 1168 facultas,
775 1125 928 1166 plurium
960 1122 1124 1153 similium
1154 1118 1396 1150 constructione
1422 1115 1538 1146 ahsol—

209 1182 317 1213 venda
342 1180 519 1211 commodis
543 1185 646 1220 atque
672 1177 879 1208 incrementis
901 1182 934 1207 et
956 1175 1123 1216 Physices
1144 1179 1178 1204 et
1197 1170 1434 1204 Astronomioe
1458 1179 1536 1199 con-

211 1234 368 1272 sulendi,-

254 1306 296 1348 3)
324 1304 567 1336 Tractationem
587 1303 627 1333 de
650 1302 839 1342 telescopiis
866 1312 924 1337 ea,
952 1311 1029 1342 quae
1050 1300 1150 1341 vulgo
1175 1298 1209 1328 in
1230 1296 1364 1338 scriptis
1383 1295 1537 1337 physicis

210 1360 398 1395 invenitur,
445 1363 479 1389 et
510 1357 691 1398 pleniorem
727 1361 761 1386 et
797 1355 994 1385 curatiorem
1029 1352 1183 1383 exhihere
1219 1349 1369 1380 historioe
1407 1358 1540 1390 quoque

209 1414 325 1444 horum
359 1412 651 1442 instrumentorum
682 1409 801 1439 habita
838 1409 986 1444 ratione,
1028 1407 1100 1443 ita,
1127 1405 1175 1448 ssut
1197 1405 1268 1435 hoec
1293 1401 1538 1444 scriptiuncula

211 1473 374 1508 tanquam
403 1463 546 1507 aliquod
578 1462 849 1504 complementum
878 1461 1057 1492 lectionum
1085 1459 1307 1501 physicarum
1336 1454 1540 1486 considerari

203 1525 323 1561 posset
334 1533 350 1557 ,-

256 1592 301 1634 4)
328 1591 431 1621 Hanc
456 1590 687 1621 tractationem
707 1589 756 1619 ita
780 1599 991 1629 componere,
1016 1592 1054 1617 ut
1077 1585 1318 1616 institutionem
1342 1580 1542 1623 suppedita—

212 1650 262 1675 ret
283 1644 499 1686 szffcientem
524 1642 659 1684 quidem
686 1642 733 1672 acl
755 1641 870 1672 horum
903 1650 1036 1681 operum
1060 1637 1319 1679 intelligentiam
1329 1658 1341 1672 ,
1378 1633 1439 1664 sed
1459 1644 1513 1663 eos
1526 1655 1537 1669 ,

213 1699 273 1739 qui
296 1696 386 1739 forte
416 1707 438 1726 a
458 1695 635 1736 praesidiis
672 1693 882 1736 geometricis
917 1693 1027 1723 minus
1060 1691 1215 1723 instructi
1245 1689 1292 1720 ad
1321 1688 1392 1718 lzoec
1424 1686 1539 1717 studia

213 1749 334 1792 deferri
352 1754 510 1790 possent,
542 1747 594 1778 αἱ]
600 1747 754 1788 penitius
774 1746 1019 1788 principiorum
1039 1756 1177 1776 examen
1200 1742 1404 1774 allicientem
1421 1739 1539 1781 potius

213 1814 253 1833 ac
279 1802 537 1838 sollicitantem,
570 1812 672 1842 quam
691 1800 735 1830 ab
764 1812 801 1831 eo
824 1800 1060 1830 absterrentem
1075 1811 1089 1836 ,-
1523 1790 1527 1793 ’

259 1876 302 1918 5)
328 1876 492 1916 Exemplo
520 1875 563 1904 ab
589 1874 814 1906 recentissimo
839 1873 923 1903 artis
949 1869 1201 1902 machinatoriae
1226 1878 1321 1909 opere
1349 1865 1455 1907 petito
1486 1874 1541 1893 os-

215 1929 365 1965 tendere,
394 1928 482 1958 niliil
499 1939 571 1958 esse
593 1928 737 1957 omnium
757 1937 886 1962 eorum,
909 1936 986 1967 quae
1010 1923 1057 1954 ad
1077 1928 1165 1953 artes
1188 1932 1228 1952 ac
1250 1920 1410 1951 scientias
1435 1916 1541 1947 nostri

215 1983 280 2012 aevi
309 1987 478 2023 spectant,
518 1992 540 2011 a
574 1979 672 2023 cujus
697 1980 908 2021 ¹expositione
938 1978 1098 2009 sermonis
1135 1975 1235 2006 latini
1258 1973 1395 2015 puritas
1426 1971 1540 2001 aliena

215 2035 277 2070 sit,
305 2040 342 2065 ut
357 2032 608 2076 confutarentur
622 2033 737 2064 inanes
760 2032 1008 2063 buccinatorum
1018 2029 1254 2073 perversitatis
1279 2027 1458 2061 clamores,
1482 2023 1541 2065 qui
