1809 2469
759 233 771 276 (
796 233 833 267 51
860 234 872 276 )

197 317 225 337 a,
250 302 413 335 Vexillum
436 304 502 336 sive
526 305 664 338 exterior
690 315 775 347 parS,
799 305 901 347 impar
924 305 987 348 (1),
1014 307 1103 339 ovale
1129 308 1237 349 (Tab.
1265 311 1315 342 V.
1333 311 1400 354 fig.
1424 314 1480 356 2.)

153 356 290 388 colorem
318 357 513 390 uniformem
538 357 667 391 habens.

198 411 230 452 β,
255 410 322 441 Alae
340 410 390 442 vel
409 410 492 441 hinae
507 421 669 452 compares
683 410 746 452 (2),
768 410 900 441 maculis
922 412 970 442 uti
990 411 1141 444 labellum
1160 421 1277 447 ornatae
1299 415 1310 458 (
1326 417 1357 447 T
1352 419 1406 448 ab.
1427 420 1477 450 V.

146 465 213 508 fig.
237 465 301 507 3.).
338 464 471 496 Maculae
500 463 622 494 alarum
651 463 685 496 in
713 463 854 498 cuticula
884 463 1106 506 deponuntur:
1137 467 1254 498 similes
1282 469 1381 510 igitur
1407 478 1482 503 sunt

154 518 287 550 maculis
313 517 463 551 foliorum
487 515 697 559 eamdemque
720 517 875 560 originem
895 517 1025 549 liabent.

653 619 699 650 3⁰.
742 621 789 654 DE
824 619 981 652 Commi.

199 712 327 744 Vexillo
347 718 379 743 et
402 712 458 743 alis
481 712 614 751 avulsis,
638 712 745 743 adhuc
768 712 882 744 corolla
907 720 1052 745 remanet
1071 715 1103 745 in
1126 715 1203 746 flore
1225 717 1364 748 cuticula
1386 719 1484 750 ovarii

155 767 316 798 destituto.
342 765 464 797 Corolla
481 765 622 797 adhaeret
638 765 708 796 telae
731 765 790 797 sub
809 765 869 796 hac
888 766 1028 797 cuticula
1049 767 1198 810 depositae
1218 775 1251 800 et
1267 780 1305 800 ex
1324 770 1360 801 ea
1376 777 1483 803 ortum

155 821 244 852 ducit
269 819 327 861 (3).
356 819 450 850 Tunc
473 819 577 861 petala
602 819 742 850 lateralia
765 817 819 860 (v.
846 819 862 860 ᾗ
881 819 946 862 26)
969 825 1001 850 et
1023 820 1174 853 labellum
1196 833 1270 853 cum
1293 834 1350 854 suo
1370 830 1484 855 exten-

155 875 258 912 sione,
283 873 423 904 nectario
443 873 495 904 vel
517 872 654 912 calcare,
678 872 804 903 residua
825 878 966 904 manent.

194 940 240 960 a..
265 926 372 957 Petala
405 926 567 965 lateralia,
601 926 668 958 sive
696 931 859 964 segmenta
892 926 1042 957 interiora
1077 927 1249 969 perianthii
1282 927 1485 962 delineantur

144 980 213 1022 fig.
230 980 261 1019 4.
290 979 370 1009 Tab.
395 979 447 1009 V.
473 978 531 1020 (4).

198 1032 231 1074 β,
256 1031 423 1063 Labellum
443 1031 566 1063 trifarie
585 1031 755 1071 dividitur,
780 1030 960 1063 delineatur
986 1032 1066 1063 Tab.
1086 1033 1138 1065 V.
1148 1033 1216 1077 fig.
1235 1034 1266 1066 5.
1284 1036 1347 1074 lm,·
1356 1036 1424 1079 fig.
1452 1037 1483 1069 6.

156 1086 234 1124 llm5
244 1085 312 1127 fig.
336 1086 366 1114 1.
390 1096 426 1126 g.

199 1138 336 1169 Laciniae
360 1137 526 1168 interiores
547 1136 661 1180 calycis
690 1136 815 1180 (Rich)
837 1149 903 1169 non
926 1138 1059 1170 maculis
1081 1140 1170 1172 velut
1189 1140 1341 1173 labellum
1366 1154 1485 1174 ornan—

156 1197 221 1222 tur.
255 1190 421 1221 Labellum
452 1189 659 1233 conjungitur
688 1202 762 1222 cum
799 1192 1018 1234 gynostemio,
1049 1193 1104 1224 sed
1129 1193 1236 1237 abveo
1265 1201 1372 1226 tamen
1401 1196 1485 1227 linea

157 1244 299 1275 crassiori
318 1242 422 1274 albida
441 1243 535 1274 facile
551 1249 715 1286 separatur
735 1244 747 1286 (
764 1245 844 1275 Tab.
869 1245 921 1276 V.
936 1246 1005 1288 fig.
1027 1246 1059 1278 6.
1079 1247 1131 1289 o).
1155 1248 1275 1280 Eadem
1295 1249 1378 1281 linea
1403 1251 1487 1281 inter

155 1308 188 1329 se
210 1297 312 1328 calcar
332 1302 366 1327 et
385 1297 621 1339 gynostemium
645 1297 899 1340 distinguuntur.

732 1401 755 1444 g
800 1402 914 1433 Lxffl.

201 1495 294 1526 Hisce
325 1495 581 1527 distinctionibus
605 1497 774 1538 institutis,
796 1498 1013 1540 perianthium
1038 1499 1125 1542 quod
1150 1500 1239 1532 nobis
1262 1502 1404 1544 primum
1432 1503 1488 1534 flos

157 1549 341 1592 irregularis
373 1548 540 1580 videbatur
569 1550 608 1581 ad
639 1556 753 1593 typum
777 1551 959 1594 regularem
982 1551 1093 1583 reduci
1116 1559 1229 1596 potest.
1256 1555 1314 1587 Ille
1335 1561 1429 1598 typus
1454 1557 1488 1587 in

157 1602 302 1633 Liliaceis
334 1602 499 1634 invenitur
524 1603 558 1633 in
584 1615 722 1646 quorum
751 1616 926 1636 numerum
953 1605 1083 1648 quidem
1112 1613 1256 1639 auctores
1284 1609 1381 1650 (Vid.
1406 1610 1421 1651 §
1442 1610 1488 1652 1)

158 1655 332 1687 Orchideas
348 1655 505 1686 referunt.
520 1656 648 1688 Etenim
663 1668 716 1688 sex
733 1658 836 1700 petala
852 1658 1059 1691 observantur
1069 1660 1102 1691 in
1117 1660 1261 1693 Liliaceis
1274 1673 1412 1705 quorum
1428 1669 1490 1695 tres

159 1710 330 1740 exteriores
341 1708 510 1740 efformant
521 1709 651 1742 calicem
662 1711 837 1743 coloratum
849 1712 1035 1755 (aliquando
1046 1714 1200 1756 viridem)
1211 1721 1243 1746 et
1252 1721 1314 1746 tres
1326 1717 1490 1748 interiores

160 1768 387 1805 repraesentant
407 1763 568 1795 corollam.
597 1764 705 1796 Petala
730 1764 783 1796 illa
804 1771 880 1796 sunt
906 1766 1063 1809 regularia
1085 1774 1232 1811 respectu
1254 1769 1381 1809 formae,
1406 1771 1492 1813 posi-

160 1816 270 1856 tionis,
287 1815 479 1847 directionis.
495 1817 533 1848 In
548 1817 742 1850 Orchidibus
754 1819 867 1851 similia
883 1821 1106 1863 reperiuntur,
1126 1822 1181 1854 sed
1200 1823 1386 1866 irregularia
1403 1829 1489 1855 sunt.

219 1929 265 1958 (1)
281 1928 354 1951 Rich.
379 1928 408 1951 (le
426 1929 526 1953 Orchid.
548 1938 605 1954 anu.
625 1939 680 1962 pag.
696 1933 726 1955 30

219 1968 264 1997 (2)
284 1967 347 1990 lbid.
367 1968 384 1990 1.
404 1968 422 1991 1.

221 2007 267 2036 (5)
282 2007 379 2030 Corolla
396 2008 458 2031 liber
474 2008 564 2039 plantae
580 2010 607 2033 in
625 2010 682 2034 flore
698 2019 800 2042 praesens
818 2011 909 2042 (Linu.
924 2011 989 2035 Phil.
1007 2012 1054 2037 bot.
1065 2014 1082 2042 ).

222 2046 268 2076 (4)
283 2046 356 2070 Rich.
373 2047 391 2070 1.
410 2047 428 2070 1.
