1809 2469
927 237 939 279 (
962 238 982 268 8
1005 237 1018 279 )

307 310 528 355 intelligebant
551 321 661 342 omnes
679 321 793 343 nervos
817 320 881 340 nou
903 308 1026 347 solum,
1061 307 1115 339 sed
1138 313 1171 339 et
1192 312 1318 338 caeteras
1340 307 1514 350 systematis
1538 307 1636 352 hujus

307 372 423 409 partes.
449 365 602 409 Bichatus
626 364 747 407 aliquas
775 364 869 395 idaeas
890 362 1082 394 Winslovvio
1109 366 1140 392 et
1161 360 1262 391 Reilio
1284 361 1426 403 proprias
1448 361 1634 403 regignens,

308 420 543 451 distinctionem
565 418 703 450 duorum
724 423 930 460 systematum
953 426 1145 448 nerveorum
1168 414 1313 454 admisit,
1341 415 1429 456 prius
1454 420 1545 447 vocat
1569 426 1639 458 sys-

308 479 392 504 tema
419 483 575 505 nerveum
602 472 676 503 vitae
701 470 868 509 ani-malis,
901 469 988 512 quod
1013 468 1217 511 amplectitur
1250 466 1434 507 cerebrum,
1461 467 1637 499 medullam

309 526 464 569 spiualem
485 531 517 556 et
538 536 651 556 nervos
674 535 713 555 ex
732 523 793 554 illis
817 523 924 554 massis
948 527 1123 553 exeuntes:
1151 521 1306 564 posterius
1326 527 1460 564 systema
1481 532 1639 554 nerveum

308 581 382 612 vitae
404 580 560 622 organicae
579 583 762 620 nuncupat,
783 582 816 607 et
835 576 894 607 sub
914 575 966 606 illa
987 575 1245 605 denominatione
1266 574 1490 616 complectitur
1513 575 1640 617 ganglia

310 639 342 664 et
366 644 499 670 nervos,
525 643 596 673 quae
622 630 786 661 collective
810 628 869 660 sub
900 628 1030 658 nomine
1061 627 1151 659 nervi
1174 626 1300 669 majoris
1326 627 1548 668 sympathetici
1573 628 1639 661 sive

310 684 550 727 trisplanchnici
576 683 792 725 designantur.
826 680 940 720 Quoad
962 680 1049 710 hunc
1073 679 1241 718 ultimum,
1265 679 1429 710 contendit
1448 679 1541 711 illum
1561 692 1641 712 con-

309 739 458 777 stituere,
479 749 544 767 non
565 742 699 779 systema
719 733 878 778 quoddam
899 732 1077 775 peculiare,
1101 732 1157 763 sed
1177 733 1359 775 congeriem
1385 733 1545 765 minorum
1572 745 1640 776 sys-

309 797 483 829 tematum,
509 801 584 821 cum
605 795 773 832 systemate
794 786 1056 828 cerebro-spinali
1080 786 1398 816 communicantium.
1434 785 1535 817 Hodie
1565 797 1641 819 vero

310 844 487 887 physiologi
508 843 694 875 divisionem
718 841 843 872 Bichati
868 845 1088 872 conservantes
1111 837 1244 881 ejusque
1270 838 1363 869 idaeas
1389 838 1428 869 de
1452 838 1641 871 formatione

311 898 457 940 organica
487 897 662 940 systematis
688 896 798 926 nervei
825 894 928 924 latiori
953 892 1075 923 ambitu
1101 892 1345 934 amplectentes,
1376 900 1427 923 eas
1447 892 1487 923 ad
1507 899 1642 936 systema

311 948 693 993 encephalo—rachideum
716 946 944 978 extenderunt.
971 946 1023 976 Sic
1046 945 1119 976 Gall
1139 946 1262 987 scripsit
1286 945 1498 988 encephalum
1518 952 1550 977 et
1571 958 1643 978 me·-

311 1003 450 1042 dullam,
472 1002 653 1044 congeriem
674 1011 739 1031 esse
761 999 960 1042 gangliorum
983 999 1048 1028 sive
1065 1003 1270 1040 systematum
1289 1009 1481 1030 nerveorum
1498 999 1644 1041 peculia-

312 1057 415 1095 rium,
440 1056 524 1086 inter
542 1065 609 1085 sese
630 1064 687 1095 per
703 1052 862 1083 filamenta
884 1051 1179 1082 communicationis
1200 1051 1382 1091 unitorum,
1403 1063 1474 1094 quae
1489 1052 1523 1083 in
1543 1053 1645 1085 varias

313 1109 408 1140 series
427 1107 579 1148 distingui
600 1111 749 1148 possunt:
773 1105 826 1135 hic
851 1103 972 1134 scilicet
995 1102 1172 1135 obveniunt
1192 1103 1251 1133 ait:
1279 1105 1314 1132 10
1337 1110 1507 1145 apparatus
1535 1107 1646 1137 nervei

313 1167 462 1192 motuum
486 1159 740 1191 voluntariorum
763 1163 796 1188 et
815 1157 1031 1187 sensationum
1053 1155 1231 1195 tactilium,
1258 1156 1324 1187 sive
1347 1156 1392 1187 illi
1420 1157 1475 1199 qui
1507 1157 1646 1188 formant

313 1213 487 1245 medullam
511 1211 677 1253 spinalem.
712 1211 748 1240 2⁰
778 1210 828 1241 Illi
859 1221 1031 1248 sensuum,
1062 1207 1227 1252 conjuncti
1254 1209 1313 1240 sub
1339 1210 1469 1241 nomine
1495 1210 1646 1242 medullae

315 1266 501 1308 oblongatae.
521 1266 555 1296 3⁰
575 1265 722 1306 Denique
743 1263 791 1294 illi
811 1263 1000 1294 facultatum
1020 1260 1304 1301 intellectualium,
1325 1262 1391 1294 sive
1412 1273 1550 1305 quorum
1570 1274 1648 1294 con-

316 1320 417 1361 geries
452 1318 598 1349 efformat
620 1316 788 1347 cerebrum
818 1322 851 1346 et
879 1314 1093 1354 cerebellum3
1122 1314 1208 1345 hisce
1232 1314 1361 1346 additur
1386 1316 1481 1346 series
1515 1321 1646 1358 quarta,

316 1372 442 1415 ganglia
474 1377 506 1402 et
541 1382 655 1402 nervos
683 1369 945 1412 trisplanchnicos
971 1367 1209 1411 complectens,
1247 1379 1319 1410 quae
1354 1368 1460 1399 omnia
1494 1368 1532 1399 ad
1562 1368 1648 1399 illius

315 1425 506 1455 sententiam
535 1434 690 1466 magnum
711 1428 900 1466 apparatum
926 1432 1083 1453 nerveum
1104 1420 1313 1452 constituunt.

360 1477 530 1509 Pluralitas
554 1482 761 1520 systematum
787 1485 979 1508 nerveorum
1004 1473 1100 1504 hodie
1133 1473 1324 1516 generaliter
1350 1473 1483 1505 admissa
1513 1481 1578 1515 est,
1613 1481 1646 1506 at

317 1531 425 1574 plures
450 1530 618 1561 anatomici
638 1528 772 1572 capitale
796 1528 878 1560 illud
899 1527 1013 1571 dogma
1039 1526 1267 1569 amplectentes
1292 1527 1379 1558 illius
1404 1528 1649 1570 applicationem

318 1584 552 1616 modificarunt.
582 1584 669 1614 Inter
690 1583 760 1614 illos
783 1583 904 1614 eminet
924 1581 971 1612 Cl.
995 1579 1184 1620 Blainville‚
1208 1581 1264 1623 qui
1286 1581 1444 1612 anatomia
1469 1581 1650 1624 comparata

319 1639 438 1680 optime
464 1636 590 1679 cognita
617 1642 648 1667 et
673 1636 837 1678 perspecta
866 1635 1022 1674 innitens,
1055 1635 1099 1665 sic
1131 1633 1242 1665 definit
1270 1640 1405 1678 systema
1428 1646 1584 1668 nerveum
1616 1636 1650 1667 in

319 1692 385 1722 tota
410 1690 598 1722 animalium
621 1691 702 1721 serie
727 1695 925 1732 spectatum:
962 1689 1052 1719 «Est
1082 1698 1238 1718 numerus
1267 1687 1340 1730 plus
1370 1689 1476 1719 minus
1504 1687 1652 1719 notabilis

321 1756 340 1775 )›
356 1743 576 1787 gangliorum,
598 1754 637 1773 ex
660 1743 777 1785 quibus
801 1742 949 1774 omnibus
970 1746 1142 1784 emergunt
1165 1741 1257 1773 nervi
1280 1741 1404 1784 plureS,
1430 1752 1569 1783 quorum
1596 1741 1652 1773 alii

321 1796 571 1828 »terminantur
595 1795 635 1825 ad
660 1806 816 1838 organum
851 1794 939 1838 quod
969 1795 1110 1825 animare
1135 1793 1269 1834 debent,
1298 1800 1330 1825 et
1354 1793 1551 1836 peculiarem
1582 1793 1652 1838 ejus

323 1862 343 1881 )›
359 1850 457 1881 vitam
477 1849 694 1880 constituunt:
734 1848 787 1879 alii
812 1859 888 1880 vero
910 1848 1150 1879 communicant
1174 1859 1248 1879 cum
1272 1847 1340 1878 aliis
1362 1847 1495 1890 gangliis
1517 1853 1550 1879 et
1576 1859 1651 1880 cum

324 1915 344 1934 )›
361 1902 487 1945 ganglio
506 1901 638 1933 centrali
662 1901 760 1943 (dum
775 1902 920 1944 existit),
940 1908 977 1933 ut
993 1902 1091 1935 vitam
1105 1901 1286 1944 generalem
1306 1900 1474 1932 efficiant.”
1493 1901 1652 1944 Ganglion

324 1955 407 1987 illud
428 1954 568 1986 centrale
592 1966 657 1985 non
676 1955 782 1986 existit
803 1955 863 1986 nisi
889 1956 922 1986 in
951 1954 1116 1987 ordinibus
1139 1954 1355 1998 superioribus
1376 1954 1468 1998 regni
1487 1954 1651 1995 animalis,

324 2014 358 2040 et
378 2007 510 2049 stabilit,
543 2019 640 2051 quam
660 2007 889 2041 absolutissime
914 2008 996 2042 illud
1018 2009 1086 2041 fieri
1107 2014 1229 2052 potest,
1252 2008 1333 2040 entis
1352 2006 1652 2041 individualitatem.
