1809 2469
758 212 870 255 (25)

196 305 273 336 Tres
294 303 406 335 oblatae
426 308 502 334 sunt
526 299 821 336 commentationes,
844 308 979 339 quarum
1006 299 1097 328 tertia
1118 303 1188 340 post
1206 300 1380 330 terminum
1399 311 1475 342 pro-

153 374 327 412 grammate
346 367 514 410 praefixum
538 363 676 395 advenit.

196 433 302 463 Prima
324 430 498 473 responsio,
525 428 577 458 cui
602 425 745 457 additum
766 424 899 456 lemma:
929 435 946 454 ((
963 424 1029 455 Les
1051 424 1154 455 droits
1182 425 1239 455 des
1254 424 1398 467 femmas
1421 438 1476 457 oc-

152 496 306 537 cupe'rent
329 505 390 524 une
408 493 508 533 place
531 491 720 532 distinguefe
745 489 828 519 dans
858 489 893 518 la
920 491 1045 529 pense'e
1072 494 1104 519 et
1131 488 1215 519 (lans
1245 490 1275 519 le
1305 500 1396 519 caezcr
1418 490 1475 520 des

153 565 287 590 auteurs
307 557 351 587 du
377 556 461 586 Coele
481 555 675 596 Napole'on,
697 552 783 584 etc.”
805 558 868 583 tam
886 551 948 582 stili
967 552 1048 583 bene
1066 552 1156 583 latini
1181 552 1355 595 elegantia,
1380 564 1475 595 quam

153 622 381 665 principiorum
413 618 630 662 philosophica
660 618 854 660 expositione
885 627 917 647 se
945 615 1146 646 commendat
1175 616 1327 658 quidem,
1363 627 1477 647 verum

153 685 373 717 desiderantur
394 684 427 714 in
453 682 506 713 illa
530 687 563 712 et
585 681 714 712 uberior
739 680 877 711 materiae
896 679 1097 722 pertractatio
1120 685 1152 710 et
1165 680 1340 722 praesertim
1358 679 1477 722 regulae

154 748 330 780 secundum
361 758 437 790 quas
461 746 731 788 compensationes
759 744 964 775 determinari
994 743 1112 785 possint
1142 748 1174 772 et
1208 742 1355 773 debeant.
1395 743 1477 773 Hinc

155 811 284 855 praemio
309 810 403 852 digna
427 808 529 839 ordini
554 808 618 839 visa
642 818 706 837 non
733 812 790 837 est.

199 872 342 904 Secunda
368 871 608 908 commentatio,
636 869 684 899 his
705 868 808 900 verbis
831 868 996 899 distincta:
1031 868 1142 898 «Non
1166 869 1276 898 omnia
1293 880 1476 910 possumus

155 935 290 967 omnes²²
315 934 355 965 ad
375 939 504 964 cunctas
528 933 695 975 propositae
714 932 894 974 quaestionis
917 937 1022 974 partes
1046 931 1234 974 respondet,
1259 938 1355 974 atque
1380 934 1414 963 in
1440 944 1476 964 ea

154 999 291 1030 maxime
315 997 471 1028 laudanda
497 1002 543 1027 est
566 996 691 1039 egregia
713 996 850 1027 auctoris
874 995 1037 1038 diligentia
1058 1001 1090 1026 et
1111 995 1308 1028 difficillimas
1328 997 1478 1039 quaestio—

153 1073 209 1094 nes
229 1060 370 1094 solvendi
393 1059 546 1091 studium.
581 1059 704 1090 Verum
725 1058 810 1090 dolet
831 1058 938 1097 Ordo,
967 1058 1006 1089 ob
1029 1069 1207 1090 sermonem
1229 1070 1293 1089 non
1313 1060 1386 1090 satis
1410 1066 1478 1091 ter-

153 1136 224 1157 sum
246 1130 279 1155 et
301 1122 470 1154 nonnullas
494 1133 558 1152 non
584 1122 656 1152 satis
680 1127 828 1152 accurate
853 1122 1025 1163 propositas
1047 1122 1213 1164 opiniones
1236 1124 1479 1154 commentatio-

155 1200 228 1220 nem
250 1187 337 1218 illam
359 1187 488 1228 praemio
509 1184 711 1216 condecorari
731 1196 796 1216 non
818 1186 973 1227 potuisse-7
995 1191 1156 1216 auctorem
1178 1192 1284 1217 tamen
1306 1186 1479 1218 honorifica

155 1251 317 1283 mentione
337 1250 572 1292 dignissimum,
599 1249 694 1291 eique
713 1248 880 1291 publicum
901 1249 961 1280 hac
981 1249 1020 1280 de
1043 1260 1077 1280 re
1097 1250 1314 1282 testimonium
1336 1250 1479 1283 dandum

156 1324 220 1346 esse
245 1313 377 1344 censuit.
411 1311 516 1354 Hujus
535 1316 642 1342 autem
670 1312 847 1354 scriptionis
872 1317 1035 1343 auctorem
1060 1322 1092 1342 se
1116 1311 1261 1354 probavit
1286 1312 1478 1344 Hnwomws

155 1387 215 1408 VAN
241 1387 278 1406 DE
301 1375 426 1414 Vama,
458 1373 785 1413 Teneramundanus,
815 1373 901 1405 Juris
925 1374 1093 1417 utriusque
1119 1375 1152 1405 in
1177 1374 1346 1407 Academia
1372 1383 1478 1408 nostra

155 1439 358 1471 Candidatus.

197 1503 337 1534 Tertiam
368 1500 684 1540 commentationem,
714 1498 774 1530 hoc
799 1499 955 1540 *lemmate
982 1500 1182 1542 insignitam:
1214 1512 1233 1532 ((
1248 1502 1287 1533 Il
1304 1505 1481 1544 pre'parait

155 1565 304 1608 toujozcrs
327 1565 356 1594 le
378 1564 459 1594 char
480 1569 514 1594 et
538 1564 585 1594 les
608 1563 762 1599 hat-nais,
796 1562 903 1593 disait
922 1563 1022 1594 adiezc
1045 1570 1118 1594 cent
1131 1563 1203 1606 fois
1229 1571 1263 1596 et
1283 1577 1323 1596 ne
1347 1567 1481 1607 partait

147 1626 308 1671 jamais”—
337 1627 481 1669 quamvis
509 1626 548 1657 ad
577 1633 737 1657 certamen
767 1626 942 1658 literarium
967 1627 1091 1658 admitti
1124 1640 1187 1659 non
1218 1635 1344 1671 posset,
1375 1641 1476 1673 quum

156 1692 279 1723 decimo
307 1690 419 1733 quinto
447 1689 577 1722 demum
611 1689 662 1721 die
690 1695 759 1733 post
789 1690 962 1721 terminum
995 1692 1214 1734 praescriptum
1247 1698 1327 1723 esset
1355 1692 1475 1733 oblata,

157 1752 399 1785 examinandam
424 1758 531 1784 tamen
550 1763 616 1784 esse
640 1753 726 1785 Ordo
751 1754 1056 1786 Jurisconsultorum
1086 1757 1206 1786 statuit.
1239 1756 1401 1787 Praemissa
1425 1757 1477 1787 in-

157 1816 356 1849 troductione
379 1816 776 1860 historico-philosophica,
799 1817 928 1850 floribus
946 1819 1129 1861 conquisitis
1148 1819 1333 1859 intertexta,
1350 1819 1389 1850 de
1407 1831 1476 1851 ma—

157 1879 300 1912 trimonii
325 1879 410 1922 apud
438 1879 576 1913 diversos
596 1881 729 1924 populos
756 1888 870 1914 natura
902 1888 935 1914 et
955 1881 1135 1923 effectibus,
1165 1882 1205 1914 ad
1221 1883 1476 1926 pertractandam

160 1943 365 1986 quaestionem
397 1943 587 1985 propositam
617 1945 721 1976 minus
744 1946 925 1988 pertinente
949 1951 981 1977 et
1010 1944 1200 1989 conjecturis
1227 1948 1352 1990 potius7
1380 1958 1477 1990 quam

160 2007 297 2039 historiae
321 2006 518 2039 documentis
543 2007 693 2049 suffulta,
719 2015 829 2040 auctor
848 2010 882 2040 in
909 2010 1072 2052 posteriori
1092 2010 1364 2042 commentationis
1386 2017 1475 2053 parte

1046 2055 1068 2093 4
