1809 2469
899 207 986 249 (ὃ)

289 306 463 338 lectionum
493 298 634 343 quotidie
663 293 893 328 audiendarum
921 291 1146 332 multitudine,
1176 298 1213 323 ut
1241 292 1293 324 vix
1318 293 1492 336 quidquam
1517 293 1607 326 bonae

290 369 392 412 frugis
412 365 486 398 inde
506 373 631 406 sperare
654 360 760 391 liceat.
792 356 974 388 Rectissime
999 356 1082 386 enim
1102 355 1256 399 judicavit
1278 356 1504 398 Biffingerus,
1533 368 1606 396 sex,

288 439 374 470 octo,
399 430 509 460 decem
533 426 623 456 horas
648 420 789 465 quotidie
810 419 920 450 audire
941 418 1104 460 magistros
1128 418 1212 450 varia
1235 417 1398 458 docentes,
1420 429 1457 449 eo
1477 419 1607 461 quidem

289 506 400 537 scopo,
424 499 462 524 ut
481 489 600 522 biennii
627 486 676 518 vel
699 483 828 515 triennii
851 482 950 525 spatio
970 492 1098 512 cursum
1120 479 1260 511 absolvas
1281 481 1497 512 academicum
1521 481 1607 513 idem

290 568 372 595 esse,
398 566 434 585 ac
455 554 479 583 si
495 553 552 582 tria
574 561 631 592 per
646 548 728 579 diem
750 545 896 588 prandia,
919 550 980 575 tres
1000 554 1109 574 coenas
1128 554 1254 575 sumere
1275 545 1367 586 pueri
1388 545 1607 585 instituerent,

291 625 328 651 ut
348 614 548 660 paucioribus
574 611 693 642 scilicet
712 609 802 640 annis
825 607 1013 638 adolescant.
1047 607 1220 649 Egregium
1246 613 1331 638 certe
1358 607 1431 639 vitae
1457 618 1609 650 compen—

290 682 394 719 dium,
419 689 482 721 quo
507 678 532 707 si
555 676 651 706 finem
675 671 870 715 propositum
897 670 1019 712 assequi
1046 668 1174 709 liceret,
1204 670 1387 712 principum
1416 670 1495 701 filios
1519 677 1607 701 sexto
1630 693 1633 695 -

289 744 353 788 jam
374 752 457 773 auno
477 739 515 770 ad
541 738 654 781 justam
675 741 707 766 et
726 734 902 775 legitimam
924 744 1031 764 rerum
1059 732 1271 774 gerendarum
1291 738 1418 763 aetatem
1442 734 1610 775 pervenire

289 806 480 837 videremus.
513 799 614 830 Habet
632 795 821 828 nutrimenti
847 794 977 825 niodum
1002 795 1127 826 animus
1148 796 1266 837 pariter
1286 801 1382 838 atque
1402 807 1517 838 corpus
1537 808 1611 827 nos-

290 875 394 905 trum,
420 866 444 895 si
468 863 539 906 plus
562 861 645 905 justo
669 861 809 901 ingeraS,
837 857 918 888 nihil
941 857 1015 888 inde
1039 858 1192 900 proficiet.
1223 858 1382 889 Transibit
1401 858 1433 889 id
1456 859 1610 900 nimium,

292 942 355 961 non
383 931 557 964 accrescet,
588 924 665 966 quin
692 921 805 953 obruet
829 927 861 951 et
888 920 1059 959 extrudet,
1088 932 1159 963 quae
1189 921 1252 952 sola
1287 922 1403 952 certius
1438 921 1610 953 haesissent.

291 994 392 1024 Tanto
413 989 511 1032 magis
532 985 704 1018 dolendum
725 989 785 1022 est,
807 983 884 1014 huic
904 983 1079 1013 temerariae
1101 984 1298 1025 perversitati
1317 983 1476 1015 uberrima
1497 985 1612 1025 passim

291 1055 487 1088 nutrimenta
517 1050 644 1093 suggeri
667 1047 836 1089 vaniloqua
866 1046 1092 1088 promissorum
1117 1046 1319 1089 quorundam
1348 1046 1517 1090 jactantia,
1555 1048 1612 1090 qui

291 1130 345 1150 sex
370 1116 530 1149 mensibus
551 1113 636 1144 idem
657 1111 780 1143 efficere
800 1110 1026 1153 polliceantur,
1046 1109 1132 1152 quod
1153 1109 1217 1140 huc
1238 1120 1340 1151 usque
1359 1109 1490 1140 totidem
1510 1120 1613 1140 anno-

291 1193 365 1213 rum
395 1177 562 1210 intervallo
585 1175 719 1207 obtineri
749 1174 802 1204 vix
832 1179 965 1215 poterat.
1003 1173 1111 1203 Animi
1135 1184 1200 1202 non
1229 1173 1336 1202 minus
1364 1184 1461 1213 quarn
1482 1183 1613 1214 corpora

291 1243 415 1286 legibus
441 1240 565 1273 aeternis
588 1244 621 1269 et
645 1235 896 1268 immutabilibus
925 1240 1098 1278 reguntur,
1129 1245 1267 1276 quarum
1292 1233 1496 1275 complexum
1518 1232 1613 1265 exhi-

289 1307 344 1338 bet
363 1305 494 1347 Physica
515 1301 694 1333 animorum
719 1310 815 1341 quam
839 1297 1103 1337 Psychologz'am
1128 1306 1291 1334 vocamus,
1317 1305 1335 1325 e
1357 1306 1436 1337 qua,
1459 1301 1613 1338 tanquam

290 1370 385 1400 unico
408 1367 513 1404 fonte,
538 1361 709 1406 repetenda
732 1365 806 1391 sunt
826 1357 931 1389 omnia
953 1357 1131 1388 Didactices
1146 1363 1178 1388 et
1195 1357 1414 1400 Paedagogices
1434 1369 1508 1389 sana
1527 1369 1612 1401 prae-

291 1436 398 1473 cepta,
431 1427 524 1471 cujus
544 1437 619 1457 vero
639 1425 711 1455 istos
734 1423 898 1467 jactatores
919 1432 960 1452 ne
985 1420 1087 1452 hilum
1109 1419 1240 1463 quidem
1265 1426 1467 1463 perspectum
1494 1419 1613 1452 habere

291 1494 375 1523 inter
399 1500 507 1521 omnes
530 1486 627 1531 hujus
652 1487 697 1517 rei
723 1485 851 1516 idoneos
875 1484 997 1528 judices
1022 1489 1153 1515 constat.
1190 1483 1328 1515 Proinde
1355 1484 1497 1527 impense
1522 1484 1612 1515 dole-

292 1566 363 1587 mus
385 1553 527 1584 omnium
548 1561 659 1581 eorum
683 1549 802 1588 vicem,
824 1549 880 1591 qui
901 1548 962 1579 illis
983 1546 1208 1590 corrumpendi
1225 1546 1413 1587 traduntur,
1438 1557 1613 1590 omnesque

292 1622 437 1661 parentes
460 1626 495 1646 ac
515 1619 635 1645 tutores
660 1613 807 1643 certiores
826 1613 898 1643 fieri
918 1611 1069 1651 velimus,
1094 1611 1133 1643 de
1151 1610 1262 1642 iisdem
1280 1610 1403 1642 dictum
1423 1622 1505 1651 esse,
1527 1610 1613 1654 quod

293 1679 378 1723 apud
401 1679 607 1710 Salomonem
629 1676 781 1719 legimus:
815 1676 883 1707 «Si
903 1686 1000 1718 quem
1021 1674 1189 1718 offendas,
1213 1674 1273 1716 qui
1287 1674 1355 1704 sibi
1377 1673 1531 1705 videatur
1553 1685 1613 1704 sa-

294 1754 312 1774 »
332 1744 449 1783 piens,
467 1750 669 1782 persuasum
689 1739 813 1770 habeas
825 1762 837 1777 ,
864 1739 903 1770 de
927 1738 1049 1770 stolido
1072 1738 1192 1769 melius
1212 1748 1345 1779 sperare
1369 1738 1485 1774 licere,
1510 1747 1613 1779 quam

294 1818 313 1837 »
337 1806 376 1836 de
402 1803 510 1845 ipso.”

336 1868 377 1898 V.
407 1867 575 1899 Neminem
599 1866 667 1897 fere
692 1876 819 1906 eorum,
849 1866 905 1909 qui
925 1865 1012 1909 apud
1036 1877 1092 1898 nos
1113 1865 1212 1897 literis
1236 1875 1364 1907 operam
1385 1868 1522 1904 navant,
1541 1862 1613 1894 ani-2

294 1942 384 1962 mum
416 1930 580 1963 advertere
610 1928 649 1960 ad
672 1928 841 1961 lectionem
866 1929 1026 1972 aliquam,
1056 1941 1127 1973 quae
1155 1929 1226 1972 lege
1252 1939 1317 1959 non
1347 1927 1527 1970 praescripta
1560 1927 1610 1957 sit.

293 1993 344 2024 Sic
365 2004 392 2025 e.
415 2004 445 2036 g.
467 2004 524 2036 per
542 1992 684 2036 primum
704 1992 801 2037 hujus
821 1993 999 2027 Academiae
1020 1993 1213 2026 decennium
1235 2002 1364 2024 cursum
1383 1990 1532 2033 Physices
1547 1999 1613 2021 non
