1809 2469
238 253 371 285 Lamina
401 254 568 297 paululum
597 255 794 286 extrinsecus
814 261 846 286 et
867 251 995 298 oblique
1020 256 1182 298 superiora
1203 269 1312 291 versus
1333 260 1528 304 diriguntur.

196 308 327 339 Lamina
349 308 513 340 interdum
531 314 576 339 est
591 309 698 351 nigra,
722 308 804 338 sicca
829 307 938 349 (Tah.
961 309 1016 340 II.
1029 309 1098 352 fig.
1121 312 1174 341 20.
1199 311 1239 350 h,·
1250 313 1318 355 fig.
1343 315 1394 346 19.
1420 316 1529 361 aaa„

192 361 358 393 interdum
377 362 510 394 maculis
533 362 585 394 vel
606 362 734 404 punctis
756 361 860 402 siccis,
882 362 982 405 nigris
1003 369 1110 395 notata
1131 364 1237 406 (Tab.
1253 366 1309 397 II.
1320 367 1388 410 fig.
1407 371 1460 400 22.
1479 370 1528 412 c).

785 464 808 507 g
854 466 938 497 XLI.

237 558 274 588 In
292 558 459 600 superficie
479 569 685 601 squamarum
709 558 803 589 sicuti
824 564 856 589 et
875 559 1044 601 foliorum,
1066 561 1275 595 observantur
1298 566 1392 596 nervi
1407 567 1530 607 paral-

192 612 253 642 leli
280 612 337 654 qui
364 622 474 644 versus
504 613 627 655 apicem
657 613 878 658 tantummodo
911 615 946 645 in
966 626 1069 646 unum
1089 618 1217 648 coeunt.
1250 617 1375 651 Nervus
1405 619 1530 652 medius

191 663 293 708 major
316 671 363 695 est
388 665 485 707 (Vid.
513 666 595 697 Tah.
616 667 672 698 ΙΙ.
689 668 757 710 fig.
780 670 834 699 21.
857 670 901 700 ab
914 670 936 712 ).

235 719 373 752 Difficile
393 732 534 763 squamae
552 733 568 752 a
589 722 673 754 foliis
695 723 937 764 discernuntur,
961 725 1034 768 quia
1055 736 1166 757 eorum
1187 729 1379 759 constructio
1395 729 1464 761 fere
1483 736 1530 761 est

191 773 315 804 eadem.
339 774 491 805 Offerunt
511 777 597 806 enim
618 776 651 806 in
667 779 836 819 superficie
851 780 999 819 externa,
1020 781 1185 823 ingentem
1205 781 1395 814 lineolarum
1418 784 1530 816 minu-

191 828 386 859 tissimarum
411 829 534 871 copiam
560 841 631 872 quae
656 832 870 863 verisimiliter
895 845 1067 875 pororum,
1100 834 1152 867 vel
1176 841 1213 866 ut
1236 835 1289 866 alii
1308 837 1528 877 contendunt,

191 881 417 924 glandularum
438 882 612 914 miliarium
637 886 796 927 margines
811 887 965 918 indicant.
988 888 1081 919 Tales
1097 890 1191 920 etiam
1208 890 1333 922 lineolae
1353 899 1529 923 occurrunt

189 935 224 965 in
241 935 325 965 foliis
340 935 556 966 caulinaribus
577 936 672 977 (Vid.
693 939 773 969 Tab.
792 940 847 969 II.
860 940 929 982 fig.
949 942 1003 971 22.
1026 942 1080 983 cl).
1109 942 1158 973 Ad
1179 949 1302 985 partem
1319 956 1392 987 quae
1414 956 1529 979 nervos

189 986 335 1027 obducit,
357 987 482 1019 lineolae
504 988 565 1019 illae
589 989 781 1032 longissimae
807 993 960 1025 evadunt.

233 1040 324 1072 Hanc
340 1041 380 1072 ob
401 1053 526 1083 causam
549 1042 596 1074 illi
617 1045 673 1086 qui
695 1056 840 1087 squamas
864 1048 998 1078 turionis
1021 1060 1079 1091 pro
1100 1049 1185 1081 foliis
1208 1050 1342 1091 habent,
1365 1063 1430 1083 non
1453 1058 1527 1084 tan—

189 1100 277 1135 tum,
303 1101 462 1138 quantum
485 1096 583 1139 vulgo
606 1098 764 1139 creditur,
790 1111 807 1130 a
828 1101 962 1132 veritate
983 1102 1142 1134 aberrant.

233 1149 294 1180 Sed
318 1149 422 1181 colore
447 1156 480 1180 et
499 1150 713 1183 diuturnitate
735 1164 751 1183 a
776 1154 859 1185 foliis
880 1155 1136 1199 distinguuntur.

232 1202 380 1245 Squamae
400 1209 476 1234 sunt
500 1203 629 1245 albidae,
649 1205 688 1237 ad
709 1207 925 1239 extremitates
950 1209 1082 1250 virides,
1111 1221 1148 1241 eo
1167 1213 1343 1254 praesertim
1359 1212 1416 1245 ubi
1434 1215 1525 1246 nervi

188 1256 222 1287 in
246 1267 351 1288 unum
375 1259 502 1289 coeunt.

232 1309 345 1349 Quum
356 1310 465 1353 planta
477 1310 659 1353 efflorescit,
677 1324 817 1356 squamae
826 1316 986 1348 siccantur
994 1329 1002 1357 3
1021 1323 1091 1360 post
1102 1318 1361 1351 efflorescentiam
1373 1327 1525 1364 pereunt.

706 1418 760 1450 III.
807 1420 865 1452 De
894 1422 1002 1452 caule.

769 1505 793 1548 g
837 1507 938 1538 XLII.

231 1593 457 1633 Quorumdam
477 1601 646 1628 auctorum
666 1597 779 1638 instar,
799 1605 953 1632 truncum
974 1601 1122 1634 Orchidis
1136 1614 1201 1635 non
1220 1610 1373 1647 tanquam
1390 1616 1524 1648 scapum

186 1645 242 1678 sed
263 1652 427 1690 tamquam
451 1659 565 1682 verum
587 1650 713 1683 caulem
734 1651 905 1694 hahemus,
926 1655 975 1686 uti
994 1656 1084 1688 nobis
1108 1657 1183 1689 folia
1204 1658 1281 1690 huic
1299 1659 1421 1690 adnexa
1445 1672 1524 1703 pro-

186 1697 274 1731 bant.
295 1701 387 1732 Licet:
408 1708 495 1733 teres
511 1703 664 1746 appellari
690 1707 802 1748 possit,
828 1712 935 1739 tamen
957 1709 1108 1752 quasdam
1128 1717 1227 1743 costas
1248 1713 1282 1743 in
1305 1718 1395 1755 parte
1422 1724 1522 1757 supe-

187 1752 270 1783 riore
296 1754 442 1795 exhibet,
472 1768 544 1799 quae
568 1768 608 1788 ex
630 1759 709 1790 vasis
733 1760 869 1803 propriis
889 1761 1095 1796 Bractearum
1124 1766 1289 1807 oriuntur,
1310 1767 1521 1809 quemadmo-

188 1803 270 1840 dum
285 1805 350 1841 illm
369 1819 444 1850 quae
460 1809 497 1840 in
515 1816 609 1852 parte
621 1811 774 1844 inferiore
793 1825 878 1857 saepe
895 1815 1118 1859 observantur,
1140 1821 1327 1852 extensione
1347 1832 1520 1853 nervorum

157 1887 160 1889 Α
186 1858 341 1893 fioliorum
353 1865 562 1905 superiorum÷
572 1865 752 1898 alternatim
765 1868 1001 1911 producuntur.
1020 1871 1119 1905 Costae
1135 1873 1198 1905 illae
1213 1874 1358 1906 efficiunt
1371 1881 1408 1906 ut
1423 1875 1523 1906 sectio-

187 1917 363 1946 transversa
397 1916 532 1960 hujusce
562 1919 683 1962 plantae
712 1922 812 1964 partis
835 1934 906 1966 quae
939 1925 1008 1956 axis
1030 1926 1274 1960 inflorescentiae
1302 1933 1452 1968 vocatur,
1479 1929 1521 1959 sit

186 1967 353 2010 angulosa,
370 1968 471 2006 donec
491 1972 589 2004 sectio
606 1974 768 2007 simillima
779 1976 812 2007 in
827 1977 980 2011 inferiore
996 1979 1100 2012 caulis
1111 1987 1201 2025 parte
1217 1982 1377 2023 instituta,
1394 1982 1518 2014 nullam

185 2019 254 2052 fere
274 2023 491 2057 extensionem
516 2027 665 2069 pr-aeheat.
