1809 2469
935 261 1045 303 (58)

788 402 926 434 CAPUT
972 402 1189 434 OCTAVUM.

418 517 690 548 STRUCTURA
731 515 989 543 NERVORUM
1030 514 1553 545 CEREBRO-SPINALIUM.

372 627 468 658 Nervi
498 625 621 656 infinite
649 622 857 660 dividuntur,
888 632 948 652 nec
975 631 1085 652 eorum
1114 621 1308 652 divisibilitas
1336 624 1434 665 magis
1463 634 1535 654 suos
1564 623 1641 654 fines

330 680 424 711 habet
436 690 529 722 quam
546 679 610 720 ipsa
622 676 762 707 materia.
785 675 856 706 Huc
868 685 970 716 usque
984 685 1032 705 res
1047 673 1243 717 impossibilis
1257 674 1319 705 diei
1332 681 1449 717 potest,
1467 682 1503 706 ut
1517 676 1555 706 ad
1570 687 1641 707 suas

328 733 540 764 extremitates
552 730 678 762 ultimas
692 740 862 760 nervorum
877 728 1115 758 ramificationes
1127 738 1368 770 prosequamur3
1377 739 1477 770 quum
1489 729 1528 759 ob
1537 730 1639 760 maxi-

328 798 409 817 mam
430 797 518 816 suam
546 784 735 815 tenuitatem
760 782 914 822 effugiant
938 792 1001 811 non
1026 781 1127 811 solum
1155 781 1364 811 instrumenta
1389 782 1638 813 anatomicorum

327 839 520 876 acutissima,
546 848 658 868 verum
684 837 779 866 etiam
801 834 906 865 oculos
935 835 1060 876 optimis
1088 834 1299 876 microscopiis
1327 840 1471 865 armatos.
1496 835 1565 866 Reil
1592 835 1639 877 (1)

325 892 496 923 rectissime
517 890 597 920 dixit
613 889 767 920 auxilium
791 887 928 929 scalpelli
952 898 1078 929 prorsus
1097 887 1224 918 nullum
1247 897 1326 926 esse,
1347 887 1380 917 in
1401 888 1546 918 examine
1565 900 1638 930 par—

325 946 406 976 tium
423 950 515 974 tantae
533 941 726 979 subtilitatis,
747 940 934 982 nullamque
949 939 1037 970 nobis
1057 950 1145 982 spem
1160 951 1322 982 superesse
1341 941 1435 971 imius
1451 941 1637 983 penetrandi

324 999 357 1029 in
376 1003 567 1028 structuram
588 994 771 1026 earumdem
792 995 948 1035 partium,
972 994 996 1024 si
1018 993 1076 1024 alia
1099 1004 1162 1023 non
1183 992 1394 1024 adhibeantur
1416 994 1534 1033 media,
1555 994 1637 1025 inter

324 1062 394 1093 quae
414 1051 462 1080 uti
483 1049 626 1079 maximae
645 1046 684 1077 ad
701 1046 789 1076 hunc
808 1057 936 1087 scopum
954 1045 1114 1083 utilitatis⁷
1136 1051 1285 1076 numerat
1304 1046 1463 1087 reagentia
1483 1046 1633 1077 chemica.

367 1103 506 1134 Multum
524 1108 629 1131 tamen
645 1105 748 1130 nostra
762 1099 927 1129 interesset
942 1098 1137 1140 distinguere
1153 1098 1298 1128 minimas
1313 1098 1494 1130 substantiae
1510 1111 1635 1131 nerveae

323 1156 505 1193 divisione53
522 1154 683 1196 percipere
700 1151 956 1193 compositionem
971 1149 1156 1181 ultimarum
1173 1149 1357 1180 earumdem
1372 1151 1634 1183 ramificationum

321 1210 386 1240 huc
410 1218 511 1250 usque
529 1205 845 1249 imperceptibilium3
873 1210 968 1246 atque
988 1215 1101 1235 nervos
1125 1204 1158 1233 in
1183 1203 1285 1246 prima
1309 1215 1364 1234 sua
1390 1203 1545 1235 elementa
1570 1205 1635 1236 dis-

321 1263 456 1300 solvere,
485 1266 522 1291 ut
541 1271 650 1291 eorum
672 1264 862 1290 structuram
886 1262 992 1287 notam
1014 1255 1196 1287 habeamus.
1232 1255 1298 1294 Qui
1322 1255 1361 1287 de
1380 1256 1440 1287 hac
1465 1268 1499 1288 re
1523 1263 1633 1289 anato—

319 1315 401 1347 mica
424 1316 542 1357 optime
568 1313 671 1344 meriti
694 1319 769 1343 suut
789 1312 955 1353 scriptores
980 1311 1052 1340 satis
1076 1309 1134 1340 sibi
1159 1309 1307 1340 fecerunt
1326 1309 1366 1340 de
1385 1309 1438 1340 ills
1461 1310 1512 1341 vel
1529 1311 1633 1354 hypo-

319 1369 421 1399 theses
446 1367 496 1399 vel
520 1366 655 1397 theorias
679 1371 856 1396 exstruere:
883 1364 1112 1395 observationes
1140 1373 1264 1404 semper
1289 1362 1398 1393 dubias
1425 1364 1629 1405 protulerunt

319 1427 350 1451 et
370 1432 434 1450 non
453 1430 521 1450 raro
542 1418 811 1449 contradictorias:
834 1418 964 1459 insuper
985 1416 1052 1447 haec
1072 1416 1236 1446 anatomiae
1256 1427 1328 1458 pars
1343 1416 1396 1447 vix
1412 1416 1531 1459 aliquot
1547 1429 1630 1449 enu-

318 1478 419 1503 merat
438 1472 596 1509 homines,
617 1471 672 1512 qui
688 1470 721 1500 in
737 1469 805 1513 ejus
819 1469 922 1501 studio
941 1469 1084 1500 ordinem
1100 1469 1239 1511 aliquem
1256 1469 1356 1500 secuti
1376 1476 1460 1500 sunt.
1481 1471 1629 1503 Attamen

317 1525 484 1556 anatomici
515 1523 692 1565 nuperioris
727 1523 824 1553 aetatis
854 1522 893 1554 de
924 1528 1090 1565 systemate
1120 1533 1252 1553 nervoso
1283 1522 1383 1553 multa
1413 1524 1629 1565 experimenta

317 1578 540 1615 instituerunt,
562 1587 632 1618 quae
652 1575 721 1606 illos
741 1575 804 1619 jam
820 1575 859 1606 ad
878 1576 950 1606 satis
966 1575 1106 1617 egregias
1124 1575 1379 1617 investigationes
1394 1576 1626 1608 conduxerunt.

359 1630 510 1673 Singulus
533 1640 651 1661 nervus
680 1635 800 1660 constat
823 1640 861 1659 ex
890 1627 1035 1671 pluribus
1060 1628 1226 1658 filamentis
1253 1628 1378 1659 nerveis
1402 1640 1472 1671 quae
1500 1630 1626 1669 oculus,

315 1684 396 1714 bono
417 1689 541 1713 tantum
564 1682 767 1724 microscopio
788 1688 942 1721 armatus,
968 1681 1115 1723 detegere
1138 1680 1229 1711 valet.
1252 1680 1372 1711 Horum
1393 1681 1625 1714 filamentorum

315 1737 463 1779 quodque
482 1747 570 1767 suam
591 1735 686 1766 habet
708 1735 923 1767 membranam
945 1747 960 1765 a
978 1734 1041 1777 quii
1059 1733 1228 1765 obducitur
1250 1739 1282 1764 et
1297 1745 1367 1776 quae
1387 1733 1425 1764 ab
1444 1736 1626 1766 anatomicis

314 1791 362 1821 uti
381 1789 549 1831 productio
570 1789 630 1830 piae
651 1790 757 1818 matris
781 1788 1006 1819 consideratur.
1031 1787 1101 1818 Reil
1121 1787 1168 1829 (2)
1189 1793 1293 1818 tamen
1317 1798 1379 1817 non
1405 1787 1504 1818 credit
1525 1788 1621 1830 ipsam

313 1854 372 1873 nec
392 1842 407 1872 a
426 1842 476 1883 pia
494 1847 608 1876 matre,
628 1851 686 1870 nec
707 1839 745 1870 ab
762 1840 857 1871 altera
877 1840 982 1882 aliqua
998 1841 1134 1882 corporis
1154 1847 1242 1882 parte
1258 1846 1361 1871 ortum
1377 1851 1470 1871 suum
1489 1840 1620 1881 ducere,

312 1895 366 1926 sed
386 1894 567 1925 immediate
586 1893 743 1924 efformari
767 1904 783 1923 a
805 1894 1000 1925 connexione
1021 1895 1162 1924 materiei
1183 1893 1337 1924 animalis.

371 2006 403 2035 (1)
421 2006 489 2028 Joau.
498 2004 618 2032 Ch.Rei1‚
633 2005 729 2026 exercit.
740 2008 805 2026 anat.
820 2004 933 2027 Fascicul.
945 2005 1037 2035 primus
1048 2004 1076 2028 de
1087 2006 1204 2028 structura
1213 2013 1352 2028 nervorum.
1363 2005 1446 2035 Halle,
1461 2007 1524 2037 1796.
1539 2007 1618 2031 iu-sol.

371 2046 402 2074 (2)
421 2045 481 2067 [bid.
