1809 2469
774 235 889 279 (25)

215 295 250 326 In
275 296 335 329 alia
362 298 515 333 Columba
534 302 623 335 binos
645 305 843 347 pedunculos
865 313 1020 353 resecavi3
1044 316 1154 350 eodem
1180 331 1341 357 momento
1363 330 1494 372 animal,

169 350 258 390 quasi
280 351 325 382 vis
345 363 362 382 a
384 359 472 396 tergo
492 356 596 398 ipsum
615 359 819 400 propulisset,
841 364 957 405 magnit
976 367 1007 396 vi
1029 373 1061 398 et
1081 369 1136 401 alis
1156 377 1271 415 apertis
1285 378 1491 425 decurrebat3

170 400 339 444 aliquando
361 411 465 438 tamen
483 409 517 439 in
537 416 673 441 rostrum
695 412 842 453 cadebat3
868 415 946 447 dum
966 418 1073 462 aliquo
1095 428 1236 467 tempore
1257 441 1385 465 cursum
1403 436 1496 469 insti-

169 458 291 494 tuerat,
317 457 450 499 gradum
470 461 613 501 sistebat3
639 463 693 494 sed
715 465 740 495 si
762 477 880 507 parvus
899 476 1003 502 motus
1026 474 1055 503 ei
1076 475 1291 521 inferebatur,
1319 488 1424 519 statim
1446 492 1495 522 uti

168 507 271 548 prima
293 510 362 541 vice
385 523 512 544 cursum
536 525 631 546 suum
654 517 899 562 redintegrabat.
926 524 966 555 Et
986 536 1179 571 quamquam
1201 533 1255 564 iris
1276 547 1401 581 semper
1425 553 1495 574 mo-

168 559 239 591 bilis
254 571 449 605 remaneret,
472 572 577 599 tamen
595 581 654 601 nec
672 572 799 604 videbat
813 586 873 607 nec
888 577 1036 611 audiebat
1052 583 1199 625 amplius,
1221 587 1335 622 Omnia
1353 592 1421 625 hacc
1436 607 1494 626 ex—

166 615 342 655 perimenta
360 616 407 648 bis
421 625 478 650 aut
493 626 541 652 ter
555 624 707 665 repetivi,
724 633 761 658 ut
773 627 812 659 de
825 629 1008 664 obtentione
1023 637 1170 669 exituum
1187 643 1301 674 certior
1312 647 1491 682 evaderem.

208 666 409 702 Verticaliter
434 673 657 715 pedunculum
686 680 808 712 cerebri
837 683 934 716 diffidi
961 687 995 717 in
1023 688 1084 720 alia
1116 691 1287 735 Columba,
1319 709 1391 741 quae
1416 714 1491 735 cum

165 730 293 752 cursum
313 723 480 757 instituere
503 728 644 770 volebat,
665 742 726 763 nec
747 737 896 778 progredi
918 750 978 770 nec
997 742 1031 772 in
1055 742 1138 776 linea
1158 754 1243 779 recta
1267 761 1334 783 sese
1355 753 1492 798 dirigere

165 772 297 805 valebat.
329 777 478 809 Attamen
505 791 631 824 semper
653 795 747 827 supra
772 798 805 818 se
833 790 932 831 ipsam
958 794 991 824 in
1017 796 1174 830 circulum
1199 812 1265 834 sese
1291 807 1435 840 vertebat
1460 817 1492 842 et

162 832 285 858 motum
307 828 399 861 illum
419 843 435 862 a
458 832 576 865 dextris
599 847 724 880 semper
745 842 923 874 exercebat.
956 846 1078 890 Corpus
1099 850 1168 894 ejus
1189 855 1285 887 etiam
1307 869 1432 902 semper
1455 864 1489 894 in

163 879 271 911 eadem
309 882 483 917 directione
512 888 591 919 situs
622 893 829 935 remanebat3
859 907 919 928 nec
947 899 1035 932 aliud
1065 905 1224 945 quoddam
1254 910 1490 952 phaenomenon

161 932 230 964 haec
260 934 413 969 Columba
440 940 520 971 mihi
549 941 791 987 demonstravit,
822 951 881 981 etsi
910 952 995 985 idem
1020 959 1278 998 experimentum
1310 966 1416 999 adhuc
1441 969 1489 1001 bis

158 989 374 1028 repetiverim.

200 1039 237 1069 In
260 1040 351 1072 Gallo
373 1042 557 1077 Gallinaceo
575 1048 690 1079 minori
712 1056 744 1080 et
763 1052 861 1084 etiam
882 1054 916 1086 in
939 1056 1109 1101 Columba,
1133 1064 1327 1100 cerebellum
1346 1072 1487 1116 scalpelli

156 1102 216 1134 ope
245 1093 279 1123 in
308 1094 396 1126 binas
423 1104 528 1139 partes
556 1102 749 1134 verticaliter
777 1104 880 1138 divisi.
918 1108 998 1142 Bina
1030 1113 1099 1145 haec
1128 1118 1276 1152 animalia
1305 1130 1486 1161 antrorsum

154 1155 285 1178 currere
312 1149 520 1192 inceperunt,
545 1156 683 1187 maxima
713 1168 788 1189 cum
816 1160 999 1204 velocitate3
1030 1171 1170 1202 resecavi
1197 1172 1260 1204 illis
1283 1177 1483 1217 pedunculos

154 1201 326 1232 anteriores
348 1209 380 1234 et
398 1207 504 1237 statim
526 1214 650 1240 motum
670 1212 891 1255 retrogradum
911 1224 1045 1250 executa
1066 1228 1157 1253 sunt:
1180 1224 1233 1256 hic
1253 1232 1361 1261 tamen
1379 1240 1485 1267 motus

152 1255 355 1296 retrogradus
376 1263 440 1289 tam
462 1261 651 1293 manifestus
672 1275 737 1295 non
759 1273 827 1297 erat
847 1279 883 1299 ac
902 1270 936 1300 in
955 1273 1149 1313 praecedenti
1170 1281 1400 1321 experimento.

194 1306 280 1339 Illud
302 1311 560 1352 experimentum
586 1316 705 1348 iterum
726 1319 941 1364 redintegravi
963 1324 997 1354 in
1021 1325 1174 1360 Columba
1198 1337 1231 1362 et
1255 1334 1366 1368 eadem
1390 1339 1482 1381 phae-

151 1370 287 1392 nomena
310 1373 376 1394 sese
400 1366 627 1409 prodiderunt3
659 1371 714 1402 sed
736 1380 805 1415 post
826 1375 947 1418 aliquot
977 1380 1100 1412 minuta
1127 1385 1229 1425 prima
1261 1389 1378 1422 animal
1402 1392 1481 1425 dex—

150 1418 287 1445 trorsum
308 1427 416 1448 versus
435 1430 530 1461 supra
551 1432 584 1452 se
602 1423 707 1465 ipsum
726 1436 792 1457 sese
813 1434 937 1461 vertere
956 1431 1086 1475 incepit.
1111 1436 1272 1470 Posterius
1292 1442 1373 1475 illud
1388 1446 1480 1487 phae-

148 1477 308 1499 nomenon
328 1470 566 1511 producebatur
584 1476 658 1517 quia
674 1477 752 1509 dum
769 1481 963 1515 cerebellum
983 1497 1215 1531 resecaverarn,
1231 1495 1349 1528 animal
1368 1501 1479 1542 capitis

148 1525 272 1551 motum
290 1521 488 1564 instituerat,
508 1527 551 1557 ita
568 1533 621 1567 ut,
641 1530 834 1564 cerebellum
856 1546 872 1565 a
893 1537 1025 1569 sinistris
1041 1540 1241 1577 dextrorsum
1263 1559 1373 1581 versus
1390 1564 1478 1585 rese-

147 1572 264 1613 cando,
291 1574 476 1608 abstulerim
501 1579 570 1611 fere
590 1582 740 1615 trientem
759 1586 858 1627 ipsius
878 1591 1031 1631 portionis
1051 1598 1217 1629 anterioris
1241 1600 1360 1635 dextrae
1385 1617 1476 1639 cere-

147 1624 239 1665 belli⁷
265 1626 304 1658 de
325 1639 389 1670 quo
411 1632 526 1663 certior
546 1634 594 1665 fui
613 1635 717 1668 factus
734 1645 805 1680 post
824 1652 958 1674 examen
978 1648 1117 1688 partium
1138 1649 1296 1686 laesarum.

188 1678 285 1711 Binos
301 1682 501 1724 pedunculos
517 1687 665 1720 cerebelli
682 1691 716 1721 in
735 1692 889 1727 Columba
905 1699 1022 1740 cecidi3
1048 1703 1167 1735 animal
1188 1714 1286 1749 caput
1310 1716 1342 1741 et
1364 1714 1473 1746 cervix

145 1737 338 1774 posti-orsum
367 1747 482 1778 magno
506 1751 580 1771 cum
607 1743 712 1785 rigore
738 1745 886 1789 deduxit3
912 1751 965 1783 sed
989 1752 1079 1787 brevi
1100 1763 1223 1789 motum
1244 1765 1431 1797 rotatorium
1456 1779 1473 1798 a

143 1791 273 1826 pectore
298 1788 332 1818 in
357 1789 448 1821 dorso
471 1792 639 1826 instituere
664 1797 796 1841 incepit.
828 1801 889 1833 Sed
915 1815 989 1836 cum
1015 1806 1096 1839 illud
1123 1814 1380 1853 experimentum
1406 1830 1472 1852 non

143 1841 329 1872 conveniret
357 1854 431 1875 cum
459 1854 578 1879 eventu
607 1861 624 1880 a
651 1851 818 1893 Magendie
847 1855 992 1898 obtento,
1034 1860 1155 1903 pluries
1187 1869 1334 1909 repetivi.
1383 1872 1471 1905 Dum

142 1892 228 1923 enim
249 1893 416 1936 Magendie
431 1898 513 1930 illud
529 1903 787 1944 experimentum
807 1909 946 1942 instituit
964 1914 1081 1945 animal
1096 1919 1220 1950 summa
1239 1923 1470 1964 tranquillitate

141 1946 283 1988 gaudens
303 1954 336 1979 et
355 1950 482 1984 nullum
503 1965 631 1996 prorsus
656 1964 779 1991 motum
798 1961 968 1995 instituens
986 1967 1076 1998 vidit.
1103 1969 1215 2008 Quum
1239 1984 1303 2005 non
1324 1977 1470 2011 videatur

142 1997 270 2032 Clarum
292 2000 380 2034 hunc
402 2003 516 2038 Virum
537 2015 607 2050 post
624 2012 767 2045 animalis
788 2022 923 2049 mortem
947 2019 1141 2054 cerebellum
1161 2025 1349 2069 inspexisse,
1374 2042 1467 2064 vero-

1107 2077 1128 2115 4
