1809 2469
772 232 783 271 (
807 232 825 262 3
849 231 860 271 )

163 302 487 364 experimentis
531 302 695 364 petitae
735 302 853 345 circa
899 300 1195 350 lethalitatem
1231 307 1480 354 vulnerum

162 376 362 438 partium
398 386 720 421 contentarum
752 387 796 420 et
832 378 1178 423 continentium
1219 380 1448 428 thoracis?

164 488 221 541 A
226 486 257 540 b
273 485 481 541 Ordine
494 486 575 540 M
572 487 1025 542 athernaticorum
1038 490 1478 566 ecPlzysicorzcm.

801 602 835 647 Ι.

224 706 528 764 Quaeruntur
567 714 619 754 19
641 707 901 754 Relationes
934 711 1056 756 inter
1079 727 1311 776 segmenta
1332 718 1474 761 trian—

162 779 255 842 guli
293 781 648 844 cujuscumque,
686 800 777 825 una
810 782 879 827 vel
914 783 1059 828 tribus
1079 788 1213 831 rectis
1251 801 1477 841 transver—

161 855 286 897 sariis
330 853 722 912 (transversales)
771 872 824 899 ex
880 855 1043 900 eodem
1092 857 1217 919 plani
1260 862 1476 924 trianguli

160 938 332 988 puncto
369 926 603 978 oriundis,
649 928 772 972 secti.

222 1006 280 1043 2Q
316 999 457 1045 Notio
495 999 734 1045 divisionis
779 1000 1072 1048 harmonicae
1107 1017 1255 1051 rectae
1298 1010 1478 1071 magni-

159 1072 320 1118 tudine
357 1073 483 1119 datae
505 1109 514 1127 ‚
551 1091 636 1119 nec
671 1092 766 1119 non
801 1076 928 1120 fascis
956 1076 1238 1126 harmonici:
1268 1081 1479 1129 definitio

158 1158 201 1191 et
253 1148 548 1209 proprietates
598 1150 866 1212 praecipuae
919 1151 1214 1213 quadrilateri
1259 1156 1476 1218 completi

157 1219 502 1281 (quadr-[latere
539 1220 785 1283 complet):
823 1223 1054 1285 imprimis
1086 1226 1329 1274 relationes
1356 1231 1479 1276 inter

156 1303 386 1354 segmenta
415 1293 638 1355 cujusque
666 1295 808 1337 trium
829 1294 1141 1357 diagonalium
1162 1300 1337 1347 duabus
1365 1304 1476 1349 reli-

155 1366 257 1427 quis
287 1364 602 1428 diagonalibus
628 1379 794 1413 sectae:
827 1367 953 1414 locus
983 1385 1265 1433 punctorum
1294 1377 1477 1423 medio-

155 1456 261 1483 rum
288 1439 555 1486 earumdem
590 1440 925 1504 diagonalium‚
953 1462 1038 1490 nec
1066 1464 1162 1492 non
1191 1462 1476 1511 punctorum

156 1530 405 1558 concursus
435 1513 631 1559 laterum
651 1515 854 1561 duorum
875 1518 1213 1583 triangulorum
1240 1525 1289 1568 in
1311 1525 1476 1571 eodem

154 1586 291 1649 plano
325 1588 542 1641 sitorum,
578 1607 780 1652 quorum
816 1593 1004 1638 vertices
1040 1594 1186 1639 tribus
1222 1599 1358 1642 rectis
1393 1616 1476 1660 per

155 1658 279 1705 idem
316 1673 543 1723 punctum
583 1664 946 1719 transeuntibus,
982 1681 1342 1717 connectuntur.

218 1733 277 1779 3⁰
313 1735 460 1780 Locus
497 1737 638 1781 trium
674 1751 956 1801 punctorum
993 1748 1244 1787 concursus
1279 1744 1474 1791 laterum

154 1807 445 1854 adversarum
483 1809 705 1875 hexagoni
741 1815 916 1860 circulo
953 1815 1023 1861 vel
1058 1818 1250 1862 sectioni
1289 1821 1475 1866 conicae

155 1882 387 1945 inscripti;
433 1897 661 1946 praeterea
697 1887 1027 1935 demonstratio
1060 1898 1311 1938 concursus
1345 1895 1473 1940 unici

155 1957 298 2001 trium
349 1956 662 2022 diagonalium
711 1961 939 2027 hexagoni
978 1964 1141 2011 iisdem
1187 1968 1336 2014 curvis
1383 1969 1474 2014 cir-

155 2031 437 2093 cumscripti.
