1809 2469
895 237 1016 280 (24)

330 325 404 356 Una
426 324 528 356 oblata
552 325 615 357 suit
638 325 884 364 commentatio,
910 324 1060 356 lemmate
1080 325 1248 369 inscripta:
1279 337 1297 357 ((
1318 327 1520 368 Opinionum
1535 340 1624 359 com-

286 395 396 420 menta
421 389 509 420 delet
533 389 625 426 dies,
656 394 786 419 naturoe
805 387 942 431 judicia
967 388 1178 430 cozfirmat.”
1269 391 1333 422 Cic.

329 451 435 496 Hujus
462 453 737 483 commentationis
762 458 873 483 auctor
901 453 1066 483 materiam
1089 454 1280 496 propositam
1303 454 1431 486 abunde
1457 457 1621 496 tractavit,

285 521 432 547 veterum
456 516 756 558 ueotericorumque
780 516 945 558 opiniones
969 527 1034 547 non
1056 516 1158 548 solum
1182 518 1366 560 inquisivit,
1393 519 1448 550 sed
1468 525 1501 550 et
1522 530 1622 562 expe-

284 580 421 610 rimenta
446 579 576 610 illorum
603 580 788 618 renovavit,
820 580 947 622 propria
975 579 1112 623 adjecit,
1138 582 1250 624 sicque
1276 593 1400 624 magnae
1426 583 1459 613 in
1484 582 1620 614 secando

285 643 499 683 dexteritatis,
524 644 558 674 in
581 643 780 686 experiundo
805 643 997 685 sagacitatis,
1026 643 1057 673 in
1085 643 1301 674 ratiocinando
1322 645 1497 676 severitatis
1517 646 1621 688 speci-

285 707 369 737 mina
397 718 499 748 quum
525 706 667 746 dederit,
693 707 838 737 unanimi
860 717 1015 737 consensu
1037 707 1169 748 praemio
1190 707 1325 750 dignum
1347 707 1416 751 ejus
1435 720 1621 751 responsum

284 770 348 800 fuit
368 769 560 813 judicatum.

327 834 446 876 Aperta
472 832 640 871 schedula,
671 844 789 863 nomen
820 833 898 863 exiit
922 833 1047 864 Josepm
1076 832 1289 874 Monmzmws,
1321 833 1558 876 Bruxellensis,
1588 835 1623 867 in

284 896 454 927 Academia
481 901 586 926 nostra
612 895 778 927 Medicinae
806 896 949 927 Alumni.

329 959 396 998 Qui
427 959 475 991 vir
500 958 625 1002 juvenis
652 960 867 991 ornatissimus
895 961 928 990 in
956 960 1103 991 examine
1131 961 1278 992 instituto
1311 961 1345 992 in
1375 961 1464 993 hunc
1490 963 1623 1006 scop'um

286 1033 393 1053 coram
419 1021 572 1053 facultate
599 1033 724 1054 necnon
753 1034 810 1066 per
840 1024 990 1066 repetitas
1016 1023 1138 1066 aliquas
1165 1025 1406 1064 vivisectiones,
1446 1037 1479 1057 se
1508 1037 1623 1059 verum

286 1097 353 1117 esse
378 1087 653 1117 commentationis
679 1093 842 1119 auctorem
871 1087 1029 1131 probavit.

330 1160 349 1180 ((
366 1149 429 1189 Te,
459 1150 634 1192 pereximie
662 1150 876 1191 MOUREMANS,
906 1151 984 1183 dum
1017 1151 1104 1183 felici
1129 1157 1193 1183 tuae
1218 1151 1392 1194 diligentiae
1417 1152 1624 1185 utilissimum

286 1224 306 1244 ))
322 1213 490 1244 anatomiae
509 1212 653 1244 studium
675 1214 771 1245 etiam
793 1215 826 1245 in
844 1220 1006 1257 posterum
1023 1215 1301 1254 commendamus,
1320 1215 1417 1246 simul
1441 1215 1624 1257 hortamur,

286 1287 306 1307 ))
322 1282 360 1307 ut
379 1287 548 1318 nunquam
570 1275 778 1319 obliviscaris,
792 1277 930 1321 justum
950 1284 984 1309 et
1007 1278 1190 1309 humanum
1212 1278 1314 1308 etiam
1339 1279 1540 1310 animalium
1559 1280 1625 1310 mi-

287 1350 306 1370 ))
322 1338 460 1370 sereri.”

497 1471 516 1502 J
517 1471 703 1504 UDICIUM
748 1473 879 1505 ORDIN
882 1473 915 1505 IS
961 1473 980 1505 J
981 1473 1165 1506 URISCON
1166 1472 1411 1505 SULTORUM.

329 1588 380 1619 Ad
403 1588 611 1631 quaestionem
640 1588 679 1621 ab
708 1590 829 1623 Ordine
856 1590 1164 1623 Jurisconsultorum
1190 1591 1401 1634 propositam:
1433 1591 1622 1623 «Stabilito

278 1651 523 1693 fundamento,
562 1663 627 1694 quo
667 1655 821 1685 nituntur
864 1655 1155 1697 Compensationes
1189 1654 1314 1697 (vulgo
1348 1653 1623 1698 Recompenses),

288 1727 374 1758 quas
398 1716 575 1759 conjugeS,
609 1718 695 1749 inter·
725 1730 809 1761 quos
832 1720 955 1763 legalis
984 1720 1141 1750 bonorum
1172 1719 1356 1750 communio
1383 1719 1525 1756 obtinet,
1555 1719 1624 1750 sibi

288 1780 428 1810 invicem
452 1779 680 1812 indemnitatis
706 1783 802 1814 titulo
828 1784 967 1822 dehent5
988 1789 1174 1826 exponatur
1189 1784 1356 1815 Doctrina
1381 1783 1475 1813 Juris
1504 1783 1623 1814 Civilis

288 1843 456 1874 Hodierni
492 1845 581 1875 circa
621 1845 708 1876 lianc
747 1849 945 1884 materiam,
996 1853 1030 1878 et
1057 1852 1292 1889 proponantur
1327 1847 1477 1889 regulae,
1519 1857 1621 1888 quae,

288 1907 449 1947 exemplis
475 1906 670 1945 adornatoe,
697 1908 857 1948 doceant,
886 1911 1070 1953 quomodo,
1100 1910 1327 1942 communione
1357 1909 1531 1952 conjugali
1551 1909 1624 1940 dis-

288 1969 403 2000 solata
414 1992 426 2007 ,
468 1970 521 2001 liae
548 1971 836 2013 Compensationes
864 1976 900 2006 in
924 1976 1072 2018 singulis
1094 1975 1231 2006 casibus
1257 1973 1470 2005 determinari
1486 1974 1625 2015 possint

290 2044 331 2063 ac
356 2032 534 2064 debeant.-²’
