1809 2469
893 203 985 247 (6)

282 295 497 334 invitamentis
517 294 626 334 istius,
651 293 690 324 de
711 304 775 335 quo
797 291 989 335 quaerimuS,
1013 291 1129 323 amoris
1145 292 1341 324 nutrimenta
1365 299 1519 336 perpetua
1546 293 1604 325 de-

281 358 447 403 prehendi.
482 357 565 388 Hinc
590 356 717 399 egregie
743 355 843 387 refert
864 355 990 394 Cicero,
1015 355 1224 386 Demetrium
1251 355 1452 386 Phalereum
1467 379 1479 393 ,
1511 367 1604 396 cum,

281 423 381 465 patria
399 421 510 464 pulsus
531 419 666 464 injuria,
689 418 729 449 ad
749 417 958 449 Ptolemaeum
978 427 1011 448 se
1032 428 1140 468 regem
1160 417 1384 449 Alexandriam
1404 419 1604 459 contulisset,

282 485 382 516 multa
405 483 554 526 praeclara
575 483 609 512 in
630 481 685 512 illo
702 480 882 511 calamitoso
904 479 967 509 otio
988 479 1161 521 scripsisse,
1185 491 1250 510 non
1269 481 1315 510 ad
1336 492 1433 511 usam
1455 481 1606 523 aliquem

281 559 401 584 saum,
434 558 499 589 quo
519 551 588 577 erat
607 544 751 583 orbatus,
782 543 838 574 sed
863 542 956 573 illum
982 542 1080 573 animi
1113 542 1237 574 cultum
1266 544 1295 574 ei
1324 544 1412 586 quasi
1438 544 1605 586 quendam

282 610 502 642 hamanitatis
527 609 638 639 cibam
664 607 773 639 fuisse.

325 674 386 704 Ista
409 673 596 716 Pythagorae
623 670 791 712 descriptio
816 668 1090 711 contemplationis
1115 680 1224 700 rerum
1252 669 1333 701 nihil
1358 669 1416 700 sibi
1439 671 1604 712 acquirere

281 736 436 767 studentis
451 734 560 773 simul⁷
580 732 665 775 quod
689 732 789 762 obiter
811 731 1006 771 notabimus,
1024 731 1114 762 nobis
1138 732 1318 774 suppeditat
1341 743 1447 763 veram
1471 731 1604 763 decisio-

282 810 357 830 nem
379 797 558 841 quaestionis
583 795 622 826 de
642 795 794 827 divisione
817 795 934 826 artium
953 795 987 824 in
1011 794 1166 825 liberales
1192 800 1224 825 et
1248 794 1441 825 illiberales.
1475 794 1605 837 Quippe

283 863 342 893 hac
368 860 576 902 descriptione
602 863 710 900 aperte
742 858 966 896 confirmatur,
996 856 1081 899 quod
1111 867 1150 887 ex
1179 857 1245 898 ipsa
1277 857 1323 888 rei
1353 863 1467 888 natura
1495 863 1604 900 patet,

283 923 503 955 liberalitatem
531 928 563 953 et
588 920 834 952 illiberalitatem
863 931 930 951 esse
954 919 1192 958 attributiones‚
1221 931 1292 962 quae
1312 931 1377 951 non
1404 920 1524 952 artibus
1548 932 1607 964 per

283 999 316 1019 se
339 986 501 1029 spectatis,
531 985 585 1016 sed
609 985 704 1015 unice
733 983 811 1022 illis,
843 983 900 1025 qui
923 983 957 1013 in
980 981 1100 1013 artibus
1121 982 1305 1013 exercendis
1333 989 1517 1023 versantur,
1548 995 1606 1026 pro

285 1051 407 1082 diversa
428 1050 570 1083 ratione.
602 1059 664 1091 qua
689 1058 740 1078 eas
761 1051 913 1085 tractent,
939 1045 1082 1076 adhiberi
1110 1046 1239 1088 possint.
1275 1046 1326 1077 Sic
1352 1057 1380 1077 e.
1407 1058 1437 1089 g.
1459 1047 1608 1078 novimus

284 1113 439 1152 medicos,
469 1113 524 1154 qui
553 1112 656 1154 primo
682 1111 786 1141 statim
810 1110 880 1149 die,
917 1121 981 1152 quo
1008 1114 1163 1152 aegrotum
1193 1108 1332 1152 aliquem
1362 1109 1490 1149 vident,
1533 1110 1606 1141 satis

284 1177 413 1219 praecise
439 1176 595 1206 aestimare
617 1175 732 1213 sciant,
763 1179 921 1215 quantum
945 1172 1091 1214 pecuniae
1113 1183 1153 1202 ex
1175 1171 1261 1202 illius
1281 1171 1391 1203 morbo
1408 1173 1443 1203 in
1465 1173 1608 1214 ipsorum

283 1251 389 1271 arcam
415 1238 595 1269 rediturum
615 1237 668 1278 [sit.
708 1235 859 1267 Similiter
888 1235 1037 1266 novimus
1066 1235 1220 1273 artifices,
1250 1233 1461 1265 sordidissimo
1488 1235 1608 1277 cuique

283 1312 417 1344 operum
441 1300 550 1343 generi
572 1299 710 1330 maxime
734 1297 951 1339 indulgentes,
977 1296 1150 1327 dummodo
1169 1296 1348 1338 plurimum
1371 1296 1455 1328 lucri
1483 1296 1605 1328 afferat.

283 1366 311 1395 E
330 1364 486 1396 contrario
505 1363 652 1395 novimus
673 1367 824 1399 sartores,
851 1370 930 1402 quos
950 1370 1014 1390 non
1035 1359 1176 1403 piguerit
1196 1359 1357 1402 integrum
1379 1371 1509 1391 cursum
1530 1372 1608 1392 ana-

283 1411 437 1459 tomicum
462 1426 568 1468 sequi,
592 1430 631 1456 ut
654 1424 810 1455 discerent
829 1424 1009 1455 humanum
1033 1435 1147 1466 corpus
1172 1423 1367 1454 vestimentis
1387 1423 1431 1453 ita
1457 1425 1607 1463 munire,

283 1500 389 1532 nequa
412 1488 497 1519 illius
519 1498 589 1530 pars
613 1493 677 1517 tam
701 1492 786 1518 arcte
812 1486 1000 1525 haberetur,
1025 1492 1063 1518 ut
1084 1486 1183 1517 libero
1203 1486 1289 1517 illius
1307 1487 1458 1517 exercitio
1478 1486 1607 1530 aliquod

285 1552 552 1595 impedimentum
577 1549 670 1593 objici
698 1556 754 1581 aut
780 1554 865 1581 recta
895 1548 1043 1582 valetudo
1074 1549 1108 1579 in
1135 1548 1306 1579 discrimen
1333 1548 1462 1591 aliquod
1491 1548 1607 1580 adduci

285 1621 398 1657 posset.
436 1613 560 1645 Similes
591 1618 722 1644 conatus
748 1619 892 1644 sutorum
920 1612 1035 1655 passim
1067 1611 1205 1644 vidimus
1232 1612 1266 1642 in
1297 1612 1470 1643 formandis
1494 1612 1607 1644 calceis

288 1683 444 1721 praecepta
460 1677 634 1708 anatomica
651 1676 690 1707 ab
702 1677 828 1719 egregio
844 1676 1001 1718 Campero
1014 1674 1127 1707 tradita
1141 1674 1380 1718 diligentissime
1390 1676 1605 1718 sequentium.

330 1741 371 1771 Et
391 1739 475 1771 idem
495 1739 698 1782 perfectionis
718 1739 858 1770 studium
879 1738 942 1782 jam
963 1738 1002 1770 ad
1022 1750 1127 1770 ocreas
1152 1750 1282 1782 quoque
1302 1738 1511 1771 efformandas
1532 1750 1607 1770 cum

287 1804 397 1834 eodem
413 1813 558 1834 successu
574 1808 741 1833 extensum
757 1813 861 1845 nuper
877 1803 910 1834 in
927 1804 1090 1845 provincia
1104 1803 1314 1835 Namurcensi
1333 1803 1396 1835 laeti
1412 1803 1605 1835 invenimus.

330 1867 411 1905 Quis
434 1866 531 1908 igitur
549 1864 706 1896 dubitabit
726 1865 798 1896 istos
821 1866 964 1896 medicos
985 1872 1081 1909 atque
1097 1867 1243 1910 artifices
1259 1867 1472 1909 pronunciare
1494 1866 1607 1897 inibe—-

288 1930 393 1965 mles,
418 1929 512 1960 hosce
532 1939 607 1960 vero
627 1935 769 1959 sartores
790 1935 885 1972 atque
906 1936 1034 1965 sutores
1060 1930 1108 1972 (1)
1128 1930 1284 1960 liberales
1298 1929 1314 1958 Ρ

331 2023 374 2051 (ι)
392 2022 454 2044 Dum
474 2022 523 2044 haec
538 2021 603 2051 prelo
621 2021 794 2050 subjiciuntur,
813 2022 882 2044 nobis
898 2021 998 2044 emenda
1015 2021 1115 2044 offertur
1131 2021 1243 2044 maehina
1262 2021 1362 2049 amica,
1382 2028 1395 2043 a
1410 2020 1504 2051 vulgari
1520 2020 1606 2043 sutoris
