1809 2469
895 226 910 268 (
932 225 974 265 64
998 226 1013 268 )

298 306 390 338 modo
410 315 474 336 sese
493 307 697 345 componant,
719 301 795 332 dum
816 299 850 330 in
869 298 986 330 medias
1002 298 1217 329 musculorum
1238 297 1342 336 fibras,
1363 295 1485 327 fibrillae
1499 306 1608 327 eorum

299 371 364 391 sese
385 357 640 390 introduxerunt.
662 355 794 397 Magnus
812 363 965 384 numerus
982 351 1249 389 observationum,
1267 350 1305 380 de
1322 351 1425 380 nervis
1445 348 1608 388 Cuniculi,

299 413 393 444 Ranae
420 417 515 453 atque
535 409 637 441 Caviae
661 407 827 450 (Cabiais)
851 407 1086 443 institutarum,
1111 404 1171 434 illis
1200 404 1472 442 demonstrarunt,
1503 402 1609 444 quod,

300 477 400 508 quum
423 475 482 506 ope
505 464 575 495 vitri
596 462 699 493 decies
719 467 774 492 aut
793 460 975 503 quindecies
996 470 1061 489 rem
1083 458 1227 499 augentis
1247 457 1499 499 conspiciuntur,
1521 455 1610 485 nervi

301 518 434 549 oss'erant
457 517 545 548 vittas
568 515 719 557 plurimas
741 515 894 551 minores,
919 522 978 554 ope
1005 512 1109 541 textus
1135 510 1291 541 cellularis
1318 510 1422 540 tenuis
1442 508 1612 539 admodum

301 570 359 601 sibi
380 570 515 601 invicem
538 568 672 611 junctas.

345 624 377 653 Si
396 633 530 653 nervum
552 619 722 662 quemdam
742 617 1014 660 longitudinaliter
1035 616 1219 654 dividimus,
1240 616 1408 657 ipsumque
1424 613 1538 645 deinde
1556 612 1615 643 sub

302 675 382 717 aqua
403 673 613 715 explicamus,
635 672 777 713 apprime
799 671 897 702 videri
916 675 1018 712 potest
1033 669 1123 699 illum
1145 679 1209 699 esse
1231 668 1430 698 efformatum
1446 678 1485 697 ex
1500 676 1614 708 magno

303 738 437 759 numero
464 726 695 756 filamentorum
720 723 850 766 aequalis
880 722 1028 753 crassitiei
1052 726 1084 751 et
1107 720 1255 763 parallele
1281 720 1516 762 dispositorum:
1548 718 1616 748 haec

304 781 462 811 filamenta
489 777 654 820 applanata
674 783 749 807 sunt
768 782 800 807 et
820 787 858 807 ex
881 781 1017 817 quatuor
1038 773 1122 804 fibris
1143 772 1402 811 elementaribus,
1419 771 1529 802 eodem
1548 770 1617 800 fere

304 833 398 876 plano
418 832 587 874 dispositis,
613 835 766 861 constant.
799 829 855 859 Hae
885 828 969 858 fibrae
995 833 1229 869 componuntur
1254 837 1291 856 ex
1316 826 1395 856 serie
1417 824 1617 867 globulorum

305 887 363 918 sibi
386 887 522 917 invicem
544 885 777 926 contiguorum.
801 882 931 912 Prevost
951 887 983 911 et
1002 881 1120 911 Dumas
1142 880 1335 910 invenerunt
1355 877 1439 920 quod
1464 878 1498 907 in
1521 887 1618 908 nervo

307 939 479 982 cylindrico
500 937 644 968 diametri
667 936 763 967 unius
785 935 974 972 millimetri,
998 934 1045 964 uti
1065 933 1105 964 V.
1133 933 1172 963 G.
1193 933 1227 963 in
1251 943 1349 963 nervo
1368 930 1484 962 crurali
1508 930 1619 968 Ranae,

308 992 462 1023 contineri
483 991 599 1032 possint
622 990 741 1027 16,000
761 988 889 1018 illarum
913 987 1075 1017 fibrarum.

352 1045 419 1083 Sic,
445 1045 470 1073 si
494 1044 527 1072 in
548 1042 677 1072 homine
697 1046 840 1071 sumatur
860 1050 977 1071 nervus
1002 1038 1181 1077 medianus,
1210 1038 1266 1079 qui
1289 1036 1464 1079 specialiter
1485 1035 1524 1066 ad
1546 1035 1622 1077 pul—

309 1109 382 1141 pam
412 1096 581 1138 digitorum
611 1094 805 1132 destinatur,
839 1093 928 1133 sique
954 1103 970 1121 a
1001 1091 1210 1121 neurilemate
1238 1101 1294 1120 suo
1322 1089 1483 1119 communi
1521 1088 1623 1119 denu—

311 1151 422 1188 detur,
451 1149 553 1178 statim
575 1145 872 1176 animadvertuntur
897 1143 1003 1186 plures
1027 1142 1170 1173 fasciculi
1194 1142 1247 1172 alii
1271 1141 1338 1172 aliis
1358 1141 1458 1172 multo
1482 1140 1624 1184 majores.

312 1202 411 1234 Simili
435 1200 526 1231 modo
546 1200 569 1230 si
594 1209 754 1241 quemque
776 1197 901 1228 illorum
925 1195 1146 1227 fasciculorum
1168 1207 1184 1225 a
1204 1195 1413 1226 neurilemate
1433 1206 1489 1226 suo
1509 1194 1626 1225 libere-

314 1267 398 1294 mus,
421 1255 535 1284 iterum
554 1263 590 1283 ex
613 1263 650 1282 eo
671 1251 776 1293 plures
794 1248 934 1280 fasciculi
951 1250 1086 1279 minores
1101 1249 1258 1280 oriuntur.
1281 1249 1367 1279 Dum
1386 1248 1459 1280 dein
1476 1248 1626 1279 incisione

313 1305 536 1350 longitudinali
563 1305 656 1335 illum
682 1309 898 1342 attenuamuS,
928 1303 1016 1344 quasi
1041 1301 1195 1342 radendo,
1225 1302 1503 1334 animadvertimus
1522 1302 1626 1332 statim

317 1362 394 1392 duas
416 1360 648 1391 filamentorum
670 1358 803 1400 species,
827 1356 886 1387 alia
909 1362 983 1387 sunt
1009 1355 1240 1398 cylindroi'dea,
1265 1356 1323 1387 alia
1345 1367 1417 1388 vero
1450 1356 1625 1398 applanata.

317 1413 415 1445 Acido
431 1413 543 1442 nitrico
560 1413 584 1441 si
599 1410 713 1441 deinde
728 1411 831 1441 omnia
847 1410 915 1440 haec
930 1409 1087 1440 filamenta
1103 1409 1346 1448 humectentur,
1363 1409 1472 1440 eodem
1487 1415 1628 1451 tempore

318 1466 476 1497 filamenta
489 1463 701 1507 cylindroi'dea
715 1464 906 1505 crispantur,
923 1462 1095 1504 applanatis
1111 1463 1246 1493 extensis
1259 1462 1502 1493 remanentibus.
1525 1463 1629 1493 Pecu-

319 1520 395 1550 liare
411 1518 490 1549 illud
506 1518 735 1560 phaenomenon
752 1516 927 1559 dependet,
949 1517 996 1546 uti
1012 1516 1141 1554 scimus,
1163 1514 1201 1546 ab
1219 1516 1383 1546 existentia
1403 1515 1629 1546 neurilematis.

320 1572 452 1613 Insuper
473 1570 630 1601 filamenta
654 1569 820 1611 applanata
841 1570 1072 1599 consistentiam
1093 1579 1181 1599 suam
1203 1568 1329 1598 mollem
1352 1574 1446 1610 atque
1466 1568 1629 1610 pulposam

320 1625 473 1661 retinent,
492 1622 568 1652 dum
587 1621 645 1651 alia
660 1621 878 1652 indurescunt.
895 1622 1157 1663 Experimentum
1172 1621 1250 1652 illud
1268 1622 1450 1659 instituens,
1471 1620 1631 1652 observavi

322 1678 466 1717 insuper,
489 1674 573 1716 quod
590 1675 693 1704 omnia
709 1673 865 1704 filamenta
881 1673 1092 1716 cylindroi‘dea
1111 1673 1349 1704 circumdentur
1363 1673 1430 1705 aliis
1450 1673 1630 1711 filamentis,

324 1739 397 1771 quae
412 1729 500 1770 quasi
514 1728 688 1758 diffluentia
704 1733 789 1758 sunt.
805 1726 1025 1769 Cylindroi'dea
1040 1727 1169 1769 insuper
1184 1726 1342 1758 filamenta
1358 1726 1460 1757 adhuc
1474 1726 1631 1756 subdividi

325 1781 496 1824 possuntin
508 1779 653 1822 pluribus
668 1779 734 1809 aliis
745 1779 910 1810 filamentis
923 1780 1060 1810 multum
1075 1779 1287 1818 tenuioribus,
1304 1791 1374 1822 quae
1386 1780 1488 1809 omnia
1505 1779 1632 1809 omnino

327 1834 468 1878 ejusdem
495 1839 568 1864 sunt
592 1832 866 1871 conformationis,
899 1833 1076 1864 retinentur
1104 1843 1163 1875 ope
1187 1834 1291 1863 textus
1321 1831 1476 1862 cellularis
1502 1843 1633 1863 summae

328 1887 506 1925 tenuitatis,
530 1887 585 1927 qui
605 1885 665 1915 illis
686 1896 795 1927 parvas
815 1886 941 1928 vaginas
965 1885 1113 1928 speciales
1132 1885 1284 1916 efformet.
1311 1885 1385 1915 Haec
1404 1886 1516 1927 saepius
1535 1885 1634 1928 proji—

329 1941 419 1972 ciunt
434 1950 529 1982 parva
548 1938 723 1977 filamenta,
739 1949 809 1980 quae
824 1938 943 1970 adeunt
958 1939 1114 1969 filamenta
1136 1938 1299 1980 applanata
1315 1944 1346 1968 et
1360 1937 1489 1980 pulposa
1503 1938 1634 1968 secundi

332 1992 467 2033 ordinis,
497 1997 534 2023 ut
557 2002 622 2022 sese
644 1990 778 2034 jungant
802 2003 875 2023 cum
895 1992 963 2023 aliis
987 1993 1091 2035 parvis
1113 1992 1278 2023 filamentis
1299 1993 1393 2023 etiam
1414 1991 1635 2034 cylindroi‘deis
