1809 2469
900 198 1013 240 (26)

289 274 401 304 faciem
425 273 615 304 anteriorem
632 272 695 314 (1),
725 272 926 314 asperitatem
952 277 1130 311 crematam,
1157 272 1379 315 nigerrimam,
1403 286 1475 318 quae
1495 286 1621 318 semper

288 327 371 358 infra
395 326 490 358 tuber
515 332 646 369 apparet
669 326 778 368 (Tab.
799 326 854 357 II.
868 326 936 368 fig
960 327 991 356 2.
1014 325 1129 368 e5flg.
1153 326 1183 356 3.
1206 327 1322 370 e5fig.
1349 328 1380 359 5.
1402 328 1517 371 e,·fig.
1542 331 1572 362 7.
1592 341 1620 360 e.

292 381 373 411 Tab.
396 381 451 412 II.
470 381 537 423 fig.
562 383 590 411 1.
614 393 651 418 c,-
666 381 734 422 fig.
758 381 789 410 2.
812 380 863 421 e).
891 380 1086 421 Quanquam
1107 379 1209 420 primo
1228 385 1359 422 aspectu
1380 380 1449 412 liaec
1472 382 1623 424 asperitas

289 435 417 465 minoris
431 435 583 465 momenti
600 446 665 465 esse
682 434 841 471 videatur,
854 438 961 462 tamen
978 432 1133 462 theoriam
1146 433 1371 475 progressionis
1383 444 1480 476 quam
1494 446 1620 474 omnes,

288 494 325 519 ut
345 489 387 518 ita
410 487 528 526 dicam,
551 494 694 518 auctores
713 488 746 517 in
773 485 967 518 Orchidibus
992 486 1206 526 admiserunt,
1227 487 1340 530 magna
1362 498 1400 518 ex
1423 494 1512 530 parte
1532 488 1624 519 debi-

287 541 367 572 litat.
390 541 596 584 Nosmetipsi,
620 553 721 584 quum
743 547 817 572 ante
836 540 943 571 oculos
964 539 1037 579 tibi,
1060 541 1096 570 L.
1119 539 1155 570 B.
1179 540 1242 572 tale
1262 542 1470 584 exposuimus
1489 541 1624 585 phaeno-

288 605 404 625 menon
418 618 426 634 ,
451 595 593 637 ipsorum
619 594 839 626 tantummodo
862 594 1048 625 inhaesimus
1069 594 1218 636 vestigiis.

331 647 432 678 Nemo
451 659 526 678 sane
546 654 591 678 est
608 649 663 690 qui
683 649 716 678 in
733 647 867 678 dubium
888 652 1017 678 revocet
1032 647 1111 689 quin
1133 659 1204 689 pars
1222 654 1364 688 mortua,
1383 648 1422 679 ab
1440 654 1514 680 ente
1529 660 1624 691 orga-

287 701 359 730 nico
380 701 433 730 cui
459 700 657 730 innitebatur
679 700 822 742 delapsa,
845 701 878 730 iu
899 700 968 730 loco
990 712 1006 730 a
1025 711 1089 741 quo
1112 700 1246 739 decidit,
1272 701 1441 743 vestigium
1463 701 1624 744 quoddam

288 753 337 785 vel
363 754 474 795 stigma
499 753 660 795 relinquat
684 753 741 795 (2).
769 753 830 785 Sed
855 753 1017 796 quodnam
1038 759 1085 784 est
1108 754 1221 796 stigma
1241 755 1439 797 separatione
1464 754 1625 786 tuberculi

288 818 304 837 a
323 818 454 849 corpore
475 806 645 849 vegetabili
663 807 827 846 relictum,
846 807 905 837 nisi
925 806 1037 838 eadem
1055 806 1124 837 haec
1140 807 1291 849 asperitas
1307 807 1391 850 nigri
1408 807 1534 846 coloris,
1553 819 1624 850 qua:

288 872 358 903 pars
380 866 531 902 praeterea
559 861 699 899 criteria,
724 860 871 891 omnibus
897 865 1090 903 stygmatum
1117 859 1288 903 generibus
1306 861 1509 901 communia,
1535 861 1627 892 nobis

288 913 418 944 exhibet
433 913 691 955 (regularitatem
712 914 892 956 positioniS,
911 913 1179 956 irregularitatem
1201 913 1426 956 marginum)‘?
1449 913 1558 945 Tuber
1574 913 1626 947 vel

289 979 412 1009 gemma
430 967 546 1010 plantae
562 968 746 998 evolvendae
761 967 904 1011 ejusdem
921 967 1046 1008 generis
1056 967 1169 1008 stigma
1186 966 1363 1008 relinquet,
1376 973 1446 1009 post
1458 967 1625 1009 delapsum

289 1020 495 1051 tuberculum
516 1021 601 1063 qnod
621 1032 709 1052 nunc
730 1031 845 1062 corpus
867 1019 1045 1062 vegetabile
1067 1020 1141 1051 fert.
1167 1020 1258 1050 Illam
1279 1021 1481 1062 asperitatem
1500 1032 1626 1064 semper

289 1074 328 1104 ad
348 1074 434 1105 idem
447 1074 530 1105 latus
546 1086 582 1105 ac
598 1074 692 1105 tuber
706 1074 860 1112 vidimus,
881 1074 915 1103 in
933 1073 1014 1103 facie
1029 1073 1149 1103 scilicet
1164 1073 1326 1103 anteriori.
1348 1073 1461 1114 Itaque
1479 1074 1626 1115 proximo

289 1138 393 1166 anno,
417 1127 518 1158 simile
543 1128 655 1169 stigma
677 1128 710 1158 in
737 1139 820 1158 novo
844 1126 957 1157 tubere
979 1125 1161 1168 apparebit,
1187 1125 1299 1156 eodem
1316 1126 1350 1156 in
1370 1125 1440 1156 loco
1461 1127 1514 1157 cui
1533 1133 1626 1158 vetus

287 1179 495 1211 tuberculum
523 1180 662 1211 adfixum
688 1186 750 1218 est,
773 1185 805 1210 et
824 1190 926 1210 novus
948 1178 1065 1210 bulbus
1081 1184 1230 1210 nascetur
1249 1189 1288 1209 ex
1312 1178 1424 1209 eodem
1445 1179 1545 1210 latere
1568 1179 1625 1211 ubi

288 1239 380 1263 vetus
405 1244 493 1263 nunc
519 1234 635 1264 existit.
659 1233 710 1264 Sic
731 1234 813 1264 intra
839 1232 1007 1264 biennium
1022 1256 1030 1272 ,
1061 1232 1156 1263 tuber
1180 1232 1264 1263 redit
1286 1233 1320 1263 in
1344 1233 1494 1264 eumdem
1516 1233 1623 1265 locuni

287 1287 343 1317 ubi
360 1293 451 1317 antea
472 1288 609 1329 perierat
625 1287 748 1329 planta,
772 1298 849 1330 ergo
869 1286 984 1317 Orchis
1004 1297 1069 1316 non
1089 1286 1214 1316 infinite
1230 1286 1449 1328 progreditur,
1466 1287 1625 1329 quemad-

289 1339 420 1371 modum
446 1346 591 1371 auctores
619 1340 834 1379 contendunt,
860 1339 914 1371 sed
941 1339 1067 1370 nonnisi
1094 1340 1233 1382 spatium
1259 1339 1345 1382 quod
1372 1339 1444 1371 duae
1469 1340 1625 1371 Orchides

290 1404 446 1435 occupare
467 1399 613 1435 possent,
640 1404 765 1436 semper
785 1394 818 1425 in
844 1404 876 1424 se
903 1394 1009 1436 ipsum
1033 1403 1213 1435 regressum
1237 1392 1400 1433 faciendo,
1429 1398 1462 1424 et
1486 1393 1624 1436 quadam

291 1446 485 1477 oscillatione
507 1447 677 1488 percurrit.

335 1501 441 1539 Quam
470 1499 622 1530 mirabilis
640 1506 687 1531 est
707 1501 778 1531 finis
800 1500 944 1532 Naturae!
967 1500 1074 1540 Quam
1099 1501 1224 1543 sapiens
1249 1499 1318 1543 ejus
1342 1500 1470 1542 scopus!
1497 1500 1623 1531 Semina

291 1553 469 1584 Orchidum
494 1555 609 1596 saepius
629 1565 693 1585 non
719 1556 899 1597 germinant
923 1561 955 1586 et
976 1554 1093 1597 plantae
1121 1565 1179 1596 per
1203 1553 1324 1584 radices
1347 1552 1622 1595 multiplicantur3

291 1606 344 1637 sed
381 1612 419 1638 ut
453 1607 586 1647 humus,
624 1607 839 1639 destructione
872 1608 991 1650 plantae
1025 1612 1223 1638 restauretur
1257 1605 1367 1637 eodem
1396 1605 1430 1635 in
1467 1605 1538 1636 loco
1568 1604 1623 1636 ubi

291 1661 528 1692 nutrimentum
550 1661 717 1701 hauserat,
748 1669 785 1693 ut
807 1668 908 1702 terra,
934 1673 976 1693 ne
1000 1661 1227 1699 exhauriatur,
1254 1660 1386 1702 recipiat
1413 1658 1499 1701 quod
1519 1658 1622 1697 dedit,

290 1720 328 1745 ut
350 1714 456 1756 planta
492 1714 632 1757 denique
661 1716 750 1747 novis
775 1717 876 1747 succis
903 1715 1145 1754 corroboretur,
1174 1714 1314 1753 Natura,
1345 1714 1419 1744 fimo
1443 1712 1623 1752 elaborato,

292 1767 411 1799 radices
431 1768 465 1799 in
486 1774 619 1809 terram,
642 1775 731 1801 motu
753 1769 953 1810 destitutam,
975 1775 1131 1813 perpetuo
1150 1773 1267 1799 movet.

351 1882 383 1910 (ι)
401 1882 495 1905 Faciem
515 1883 660 1906 anteriorem
678 1891 847 1914 nuncupamus
864 1892 918 1907 eam
937 1884 975 1907 cui
998 1884 1136 1906 adnectitur
1154 1890 1224 1905 uovae
1243 1881 1402 1903 subsecuturae
1418 1880 1509 1910 plantae
1529 1886 1623 1910 gemma

291 1921 329 1944 vel
352 1921 427 1945 tuber.

351 1962 383 1990 (2)
400 1961 508 1984 Probant
528 1961 658 1985 umbilicus
676 1962 820 1986 animalium
840 1964 1032 1987 vertebratorum
1051 1967 1074 1986 et
1094 1962 1213 1985 seminum
1233 1960 1388 1990 plantarum,
1410 1958 1523 1989 cymbala
1541 1958 1623 1981 cauda}

289 2001 451 2030 etmalorum,
469 2005 528 2031 etc„
549 2001 664 2033 stigmata
684 2002 800 2026 foliorum
820 2003 974 2034 delapsorum
995 2003 1025 2026 ab
1048 2002 1186 2030 arboribus,
1214 2000 1361 2031 pettolorum
1379 1998 1482 2030 vestigia
1503 1998 1530 2022 in
1555 1998 1623 2023 caulo

287 2041 399 2064 arborum
417 2042 706 2073 monocotyledonarum,
724 2047 783 2073 etc„
801 2047 845 2068 etc.
