1809 2469
768 240 883 282 (27)

161 326 208 351 est
229 331 268 352 ex
293 322 440 364 genuinis
462 324 603 356 fontibus
625 324 753 365 hausta,
779 336 880 368 eaque
907 333 976 359 tum
1003 331 1150 363 orationis
1179 332 1384 377 obscuritate,
1413 345 1482 371 tuni

161 383 273 415 manca
303 391 335 415 et
368 386 473 418 minus
503 387 648 418 accurata
678 387 758 430 reip.
788 388 928 432 Anglicae
955 402 991 423 ea
1024 399 1115 425 aetate
1137 397 1248 428 notitia
1277 399 1482 433 vehementer

158 445 289 478 laborat.

202 509 302 554 Major
332 511 494 554 diligentia
526 512 683 546 laudanda
709 516 810 547 estin
838 519 960 559 quarte}
987 519 1220 563 disputatione,
1248 524 1351 556 verbis
1379 527 1480 559 Taciti

158 573 348 615 conspicua:
381 585 399 605 ))
415 576 509 606 Mihi
535 576 663 615 Galba,
699 579 786 609 Otlzo
798 602 810 617 ,
841 580 1011 612 Vitellius
1039 595 1098 614 nec
1125 585 1280 628 beneficio
1304 601 1363 620 nec
1389 591 1481 633 inju—

156 636 208 665 ria
232 636 394 678 cogniti.”
432 638 571 681 Scriptor
601 646 707 672 autem
735 653 801 673 non
831 643 903 674 satis
933 651 1061 687 paratus
1090 647 1154 679 fuit
1179 649 1306 691 publica
1338 664 1373 684 re
1413 655 1479 686 sive

154 697 428 739 Normannorum,
449 702 515 733 sive
537 703 676 745 Angliae,
703 712 789 736 recte
812 706 981 749 judicanda
1006 709 1139 754 ejusque
1159 712 1304 746 libellum
1326 715 1479 749 doctrinae

155 761 244 803 copia
269 768 302 793 et
323 765 556 807 pervestigandi
582 767 737 799 industria
767 769 907 801 multum
934 779 1086 814 superant
1113 773 1184 806 duae
1208 776 1343 820 reliquae
1365 779 1478 823 dispu-

156 823 300 855 tationes,
331 826 376 856 Ea
401 827 527 869 quibus.

204 886 338 925 Quintae
362 887 605 931 dissertationis,
637 891 777 934 symbolo
802 893 976 937 insignitae:

785 966 799 982 »
828 956 986 986 Veritatem

508 1010 522 1027 »
545 1000 656 1029 Dumos
679 1003 755 1031 inter
781 1009 810 1031 et
833 1015 952 1043 aspera,
978 1013 1028 1036 etc.

150 1059 261 1085 auctor
287 1056 344 1086 etsi
376 1058 513 1089 maxima
537 1059 705 1093 sedulitate
728 1064 850 1104 omnia,
877 1076 948 1108 quae
969 1067 1009 1098 ad
1031 1070 1211 1111 quaestionis
1232 1072 1476 1115 explicationem

151 1117 313 1158 pertinere
341 1119 551 1163 videbantur,
587 1125 796 1167 conquisivit,
826 1138 890 1159 non
919 1141 1028 1171 parem
1058 1133 1165 1164 attulit
1189 1134 1416 1168 distributionis
1445 1145 1477 1170 et

151 1181 354 1212 examinandi
389 1183 608 1217 subtilitatem.
650 1187 695 1218 Ita
727 1190 833 1231 potius
871 1191 978 1223 obruit
1015 1203 1241 1238 argumentum
1273 1200 1474 1242 eruditione,

150 1253 246 1285 quam
273 1245 465 1286 explanavit.

192 1305 265 1337 Non
295 1308 452 1340 minorem
488 1310 658 1353 doctrinae,
698 1313 831 1359 ejusque
859 1320 1091 1362 exquisitioris,
1123 1322 1301 1357 ubertatem
1330 1326 1476 1369 probavit

147 1367 280 1411 scriptor
303 1377 408 1402 sextae
433 1372 673 1416 disputationis,
698 1378 752 1409 cui
771 1378 914 1412 additum
937 1388 983 1413 est
1002 1382 1136 1415 lemma:
1165 1397 1184 1416 ))
1205 1387 1330 1426 Quoend
1347 1401 1389 1419 zm
1409 1390 1476 1421 Roi

147 1437 227 1462 veut
247 1433 279 1463 le
304 1435 421 1472 crime,
449 1437 478 1466 il
497 1444 549 1468 est
572 1444 644 1481 trop
663 1440 774 1471 obe'i.”
798 1442 898 1474 Multa
921 1446 1016 1476 etiam
1041 1448 1159 1479 rectius
1182 1449 1277 1489 vidit,
1305 1457 1337 1482 et
1357 1452 1474 1483 ordinis

148 1492 386 1539 disserendique
410 1500 636 1542 perspicuitate
654 1509 791 1545 praestat.
819 1505 979 1544 Quoniam
1000 1520 1076 1542 vero
1100 1511 1134 1542 in
1154 1511 1252 1543 altera
1277 1521 1474 1546 commenta-

147 1556 241 1587 tionis
263 1565 353 1600 parte
375 1562 490 1604 saepius
512 1563 551 1595 ab
572 1564 709 1598 historiae
732 1569 881 1609 veritate,
904 1571 1003 1615 inque
1026 1572 1120 1605 rebus
1146 1575 1359 1617 gravioribus,
1380 1577 1473 1609 aber-

145 1625 252 1651 ratum
276 1627 338 1662 est,
365 1623 459 1666 plura
483 1626 641 1660 elaborato
663 1632 816 1673 opusculo
839 1633 878 1665 ad
901 1635 1130 1677 perfectionem
1155 1638 1287 1680 desunt,
1313 1652 1410 1683 quam
1434 1647 1471 1673 ut

144 1682 174 1713 ei
197 1686 367 1726 praemium
391 1687 521 1721 decerni
542 1694 694 1734 potuerit.

190 1744 310 1778 Ceteris
341 1755 448 1782 tamen
479 1752 627 1786 laudibus
661 1757 971 1793 Commentationum
1000 1765 1128 1805 quintae
1159 1771 1191 1796 et
1225 1772 1348 1804 sextoe,
1383 1767 1469 1799 Ordo

147 1808 208 1840 hoc
233 1810 421 1845 tribundum
445 1827 511 1848 esse
537 1820 676 1860 censuit,
700 1828 737 1853 ut
761 1829 947 1865 auctorum,
978 1827 1002 1857 si
1027 1827 1086 1869 ipsi
1106 1827 1244 1868 vellent,
1275 1831 1404 1861 nomina
1430 1831 1468 1861 ad

144 1871 308 1915 publicam
332 1878 477 1912 notitiam
504 1881 676 1915 honorifice
700 1886 922 1928 proderentur.
955 1889 1014 1921 Cui
1038 1891 1217 1924 invitationi
1243 1905 1318 1925 cum
1341 1901 1464 1931 sextoe,

144 1935 247 1977 primo
265 1937 334 1970 loco
355 1943 526 1984 ponendae,
545 1947 678 1990 scriptor
699 1960 763 1981 non
784 1950 1043 1996 obtemperasset,
1066 1956 1206 1988 innotuit
1227 1963 1351 1989 tantum
1370 1958 1465 1999 alter,

142 1997 321 2033 Academiae
347 2010 461 2037 nostrae
487 2007 656 2050 alumnus,
685 2012 873 2047 BENEDICTUS
899 2016 1072 2060 MANBOUR,
1096 2019 1322 2061 Tornacensis‚
1347 2020 1464 2054 Philos-

144 2059 293 2095 Theoret.
322 2072 354 2097 et
380 2068 442 2100 Lit.
469 2069 566 2104 Hum.
593 2073 692 2109 Cand.
