<?xml version="1.0" encoding="UTF-8"?>
<!DOCTYPE html PUBLIC "-//W3C//DTD XHTML 1.0 Transitional//EN"
    "http://www.w3.org/TR/xhtml1/DTD/xhtml1-transitional.dtd">
<html xmlns="http://www.w3.org/1999/xhtml" xml:lang="en" lang="en">
 <head>
  <title>
</title>
<meta http-equiv="Content-Type" content="text/html;charset=utf-8" />
  <meta name='ocr-system' content='tesseract 3.04.00' />
  <meta name='ocr-capabilities' content='ocr_page ocr_carea ocr_par ocr_line ocrx_word'/>
</head>
<body>
  <div class='ocr_page' id='page_1' title='image "annalesacademiae26gand_0073.png"; bbox 0 0 1809 2469; ppageno 0'>
   <div class='ocr_carea' id='block_1_1' title="bbox 140 304 1462 876">
    <p class='ocr_par' dir='ltr' id='par_1_1' title="bbox 140 304 1462 769">
     <span class='ocr_line' id='line_1_1' title="bbox 141 304 1460 348; baseline -0.002 -8"><span class='ocrx_word' id='word_1_1' title='bbox 141 308 324 340; x_wconf 83' lang='lat' dir='ltr'>obtinentur</span> <span class='ocrx_word' id='word_1_2' title='bbox 353 307 575 338; x_wconf 89' lang='lat' dir='ltr'>connectendis</span> <span class='ocrx_word' id='word_1_3' title='bbox 606 306 733 348; x_wconf 87' lang='lat' dir='ltr'>punctis</span> <span class='ocrx_word' id='word_1_4' title='bbox 760 317 776 335; x_wconf 79' lang='lat' dir='ltr'>s</span> <span class='ocrx_word' id='word_1_5' title='bbox 801 310 832 335; x_wconf 92' lang='lat' dir='ltr'>et</span> <span class='ocrx_word' id='word_1_6' title='bbox 852 317 879 345; x_wconf 77' lang='lat' dir='ltr'>J]</span> <span class='ocrx_word' id='word_1_7' title='bbox 909 315 982 334; x_wconf 88' lang='lat' dir='ltr'>cum</span> <span class='ocrx_word' id='word_1_8' title='bbox 1012 304 1105 335; x_wconf 89' lang='lat' dir='ltr'>lentis</span> <span class='ocrx_word' id='word_1_9' title='bbox 1135 311 1242 336; x_wconf 86' lang='lat' dir='ltr'>centro</span> <span class='ocrx_word' id='word_1_10' title='bbox 1271 318 1296 336; x_wconf 82' lang='lat' dir='ltr'>r.</span> <span class='ocrx_word' id='word_1_11' title='bbox 1339 306 1460 338; x_wconf 84' lang='lat' dir='ltr'><strong>Oculus</strong></span> 
     </span>
     <span class='ocr_line' id='line_1_2' title="bbox 140 357 1459 404; baseline -0.002 -12"><span class='ocrx_word' id='word_1_12' title='bbox 140 362 238 404; x_wconf 81' lang='lat' dir='ltr'>igitur</span> <span class='ocrx_word' id='word_1_13' title='bbox 257 362 290 391; x_wconf 87' lang='lat' dir='ltr'>in</span> <span class='ocrx_word' id='word_1_14' title='bbox 311 361 378 391; x_wconf 91' lang='lat' dir='ltr'>loco</span> <span class='ocrx_word' id='word_1_15' title='bbox 399 359 626 391; x_wconf 80' lang='lat' dir='ltr'>intersectionis</span> <span class='ocrx_word' id='word_1_16' title='bbox 644 358 860 400; x_wconf 81' lang='lat' dir='ltr'>cylindrorum</span> <span class='ocrx_word' id='word_1_17' title='bbox 881 357 1075 388; x_wconf 84' lang='lat' dir='ltr'>radiosorum</span> <span class='ocrx_word' id='word_1_18' title='bbox 1097 358 1301 397; x_wconf 83' lang='lat' dir='ltr'>constitutuS‚</span> <span class='ocrx_word' id='word_1_19' title='bbox 1323 359 1347 389; x_wconf 92' lang='lat' dir='ltr'>si</span> <span class='ocrx_word' id='word_1_20' title='bbox 1370 371 1459 401; x_wconf 84' lang='lat' dir='ltr'>pres-</span> 
     </span>
     <span class='ocr_line' id='line_1_3' title="bbox 140 409 1458 456; baseline -0.002 -12"><span class='ocrx_word' id='word_1_21' title='bbox 140 413 253 456; x_wconf 72' lang='lat' dir='ltr'>byopia</span> <span class='ocrx_word' id='word_1_22' title='bbox 274 413 424 456; x_wconf 83' lang='lat' dir='ltr'>gaudeat,</span> <span class='ocrx_word' id='word_1_23' title='bbox 450 412 627 442; x_wconf 70' lang='lat' dir='ltr'>distinctam</span> <span class='ocrx_word' id='word_1_24' title='bbox 647 410 778 452; x_wconf 82' lang='lat' dir='ltr'>recipiet</span> <span class='ocrx_word' id='word_1_25' title='bbox 796 409 910 453; x_wconf 84' lang='lat' dir='ltr'>objecti</span> <span class='ocrx_word' id='word_1_26' title='bbox 930 411 1101 451; x_wconf 82' lang='lat' dir='ltr'>imaginem</span> <span class='ocrx_word' id='word_1_27' title='bbox 1123 410 1255 452; x_wconf 84' lang='lat' dir='ltr'>perinde</span> <span class='ocrx_word' id='word_1_28' title='bbox 1275 412 1458 451; x_wconf 83' lang='lat' dir='ltr'>formatam,</span> 
     </span>
     <span class='ocr_line' id='line_1_4' title="bbox 140 463 1460 507; baseline -0.001 -10"><span class='ocrx_word' id='word_1_29' title='bbox 140 477 176 497; x_wconf 87' lang='lat' dir='ltr'>ac</span> <span class='ocrx_word' id='word_1_30' title='bbox 196 467 221 496; x_wconf 93' lang='lat' dir='ltr'>si</span> <span class='ocrx_word' id='word_1_31' title='bbox 241 466 320 496; x_wconf 91' lang='lat' dir='ltr'>radii</span> <span class='ocrx_word' id='word_1_32' title='bbox 340 465 464 495; x_wconf 85' lang='lat' dir='ltr'>nonnisi</span> <span class='ocrx_word' id='word_1_33' title='bbox 483 475 500 494; x_wconf 90' lang='lat' dir='ltr'>e</span> <span class='ocrx_word' id='word_1_34' title='bbox 521 463 648 505; x_wconf 84' lang='lat' dir='ltr'>punctis</span> <span class='ocrx_word' id='word_1_35' title='bbox 664 463 810 504; x_wconf 83' lang='lat' dir='ltr'>imaginis</span> <span class='ocrx_word' id='word_1_36' title='bbox 823 474 868 503; x_wconf 76' lang='lat' dir='ltr'>ps</span> <span class='ocrx_word' id='word_1_37' title='bbox 889 464 992 493; x_wconf 85' lang='lat' dir='ltr'>emissi</span> <span class='ocrx_word' id='word_1_38' title='bbox 1013 464 1157 493; x_wconf 90' lang='lat' dir='ltr'>fuissent.</span> <span class='ocrx_word' id='word_1_39' title='bbox 1180 464 1269 494; x_wconf 85' lang='lat' dir='ltr'>Hanc</span> <span class='ocrx_word' id='word_1_40' title='bbox 1289 465 1460 507; x_wconf 79' lang='lat' dir='ltr'>imaginem</span> 
     </span>
     <span class='ocr_line' id='line_1_5' title="bbox 142 516 1461 561; baseline -0.002 -11"><span class='ocrx_word' id='word_1_41' title='bbox 142 518 292 550; x_wconf 82' lang='lat' dir='ltr'>exhibere</span> <span class='ocrx_word' id='word_1_42' title='bbox 316 517 475 561; x_wconf 86' lang='lat' dir='ltr'>objectum</span> <span class='ocrx_word' id='word_1_43' title='bbox 495 517 675 554; x_wconf 83' lang='lat' dir='ltr'>inversum,</span> <span class='ocrx_word' id='word_1_44' title='bbox 701 516 836 546; x_wconf 81' lang='lat' dir='ltr'>intuitus</span> <span class='ocrx_word' id='word_1_45' title='bbox 860 516 989 558; x_wconf 79' lang='lat' dir='ltr'>figurae,</span> <span class='ocrx_word' id='word_1_46' title='bbox 1018 516 1137 546; x_wconf 87' lang='lat' dir='ltr'>collatis</span> <span class='ocrx_word' id='word_1_47' title='bbox 1161 517 1217 555; x_wconf 82' lang='lat' dir='ltr'>iis,</span> <span class='ocrx_word' id='word_1_48' title='bbox 1243 528 1317 558; x_wconf 88' lang='lat' dir='ltr'>quae</span> <span class='ocrx_word' id='word_1_49' title='bbox 1340 517 1378 548; x_wconf 89' lang='lat' dir='ltr'>de</span> <span class='ocrx_word' id='word_1_50' title='bbox 1398 519 1461 549; x_wconf 87' lang='lat' dir='ltr'>situ</span> 
     </span>
     <span class='ocr_line' id='line_1_6' title="bbox 140 567 1459 613; baseline -0.002 -11"><span class='ocrx_word' id='word_1_51' title='bbox 140 571 286 613; x_wconf 83' lang='lat' dir='ltr'>imaginis</span> <span class='ocrx_word' id='word_1_52' title='bbox 315 582 331 600; x_wconf 89' lang='lat' dir='ltr'>a</span> <span class='ocrx_word' id='word_1_53' title='bbox 360 569 528 611; x_wconf 80' lang='lat' dir='ltr'>telescopio</span> <span class='ocrx_word' id='word_1_54' title='bbox 562 569 751 599; x_wconf 77' lang='lat' dir='ltr'>Galilaeano</span> <span class='ocrx_word' id='word_1_55' title='bbox 782 568 925 599; x_wconf 80' lang='lat' dir='ltr'>formatae</span> <span class='ocrx_word' id='word_1_56' title='bbox 955 567 1038 598; x_wconf 83' lang='lat' dir='ltr'>dicta</span> <span class='ocrx_word' id='word_1_57' title='bbox 1074 573 1169 607; x_wconf 83' lang='lat' dir='ltr'>sunt,</span> <span class='ocrx_word' id='word_1_58' title='bbox 1207 574 1318 610; x_wconf 87' lang='lat' dir='ltr'>sponte</span> <span class='ocrx_word' id='word_1_59' title='bbox 1358 569 1459 600; x_wconf 84' lang='lat' dir='ltr'>docet.</span> 
     </span>
     <span class='ocr_line' id='line_1_7' title="bbox 141 620 1462 666; baseline -0.001 -12"><span class='ocrx_word' id='word_1_60' title='bbox 141 623 252 666; x_wconf 88' lang='lat' dir='ltr'>Campi</span> <span class='ocrx_word' id='word_1_61' title='bbox 272 623 398 655; x_wconf 83' lang='lat' dir='ltr'>visionis</span> <span class='ocrx_word' id='word_1_62' title='bbox 422 623 563 653; x_wconf 76' lang='lat' dir='ltr'>extensio</span> <span class='ocrx_word' id='word_1_63' title='bbox 588 622 621 652; x_wconf 89' lang='lat' dir='ltr'>in</span> <span class='ocrx_word' id='word_1_64' title='bbox 644 621 704 651; x_wconf 89' lang='lat' dir='ltr'>hoc</span> <span class='ocrx_word' id='word_1_65' title='bbox 731 620 899 663; x_wconf 85' lang='lat' dir='ltr'>telescopio</span> <span class='ocrx_word' id='word_1_66' title='bbox 921 621 1051 662; x_wconf 86' lang='lat' dir='ltr'>insignis</span> <span class='ocrx_word' id='word_1_67' title='bbox 1076 627 1141 660; x_wconf 81' lang='lat' dir='ltr'>est,</span> <span class='ocrx_word' id='word_1_68' title='bbox 1170 633 1244 652; x_wconf 90' lang='lat' dir='ltr'>cum</span> <span class='ocrx_word' id='word_1_69' title='bbox 1273 633 1380 653; x_wconf 87' lang='lat' dir='ltr'>omnes</span> <span class='ocrx_word' id='word_1_70' title='bbox 1406 634 1462 665; x_wconf 64' lang='lat' dir='ltr'>cy-</span> 
     </span>
     <span class='ocr_line' id='line_1_8' title="bbox 140 674 1462 718; baseline 0.001 -11"><span class='ocrx_word' id='word_1_71' title='bbox 140 676 236 707; x_wconf 89' lang='lat' dir='ltr'>lindri</span> <span class='ocrx_word' id='word_1_72' title='bbox 260 676 393 714; x_wconf 82' lang='lat' dir='ltr'>radiosi,</span> <span class='ocrx_word' id='word_1_73' title='bbox 423 676 544 706; x_wconf 83' lang='lat' dir='ltr'>actione</span> <span class='ocrx_word' id='word_1_74' title='bbox 569 675 662 705; x_wconf 87' lang='lat' dir='ltr'>lentis</span> <span class='ocrx_word' id='word_1_75' title='bbox 690 681 917 716; x_wconf 77' lang='lat' dir='ltr'>convergentes</span> <span class='ocrx_word' id='word_1_76' title='bbox 945 674 1080 713; x_wconf 84' lang='lat' dir='ltr'>redditi,</span> <span class='ocrx_word' id='word_1_77' title='bbox 1107 675 1235 706; x_wconf 86' lang='lat' dir='ltr'>oculum</span> <span class='ocrx_word' id='word_1_78' title='bbox 1263 676 1296 706; x_wconf 92' lang='lat' dir='ltr'>in</span> <span class='ocrx_word' id='word_1_79' title='bbox 1321 676 1462 718; x_wconf 86' lang='lat' dir='ltr'>ipsorum</span> 
     </span>
     <span class='ocr_line' id='line_1_9' title="bbox 140 727 885 769; baseline -0.003 -10"><span class='ocrx_word' id='word_1_80' title='bbox 140 729 362 759; x_wconf 85' lang='lat' dir='ltr'>intersectione</span> <span class='ocrx_word' id='word_1_81' title='bbox 384 729 592 758; x_wconf 83' lang='lat' dir='ltr'>constitutum</span> <span class='ocrx_word' id='word_1_82' title='bbox 613 727 737 769; x_wconf 84' lang='lat' dir='ltr'>ingredi</span> <span class='ocrx_word' id='word_1_83' title='bbox 758 728 885 768; x_wconf 86' lang='lat' dir='ltr'>possint.</span> 
     </span>
    </p>

    <p class='ocr_par' dir='ltr' id='par_1_2' title="bbox 143 779 1462 876">
     <span class='ocr_line' id='line_1_10' title="bbox 184 779 1462 825; baseline 0.002 -13"><span class='ocrx_word' id='word_1_84' title='bbox 184 781 349 823; x_wconf 85' lang='lat' dir='ltr'>Angulus‚</span> <span class='ocrx_word' id='word_1_85' title='bbox 379 780 437 811; x_wconf 89' lang='lat' dir='ltr'>sub</span> <span class='ocrx_word' id='word_1_86' title='bbox 463 791 526 822; x_wconf 92' lang='lat' dir='ltr'>quo</span> <span class='ocrx_word' id='word_1_87' title='bbox 553 779 711 823; x_wconf 88' lang='lat' dir='ltr'>objectum</span> <span class='ocrx_word' id='word_1_88' title='bbox 736 780 827 810; x_wconf 87' lang='lat' dir='ltr'>oculo</span> <span class='ocrx_word' id='word_1_89' title='bbox 854 779 940 810; x_wconf 88' lang='lat' dir='ltr'>nudo</span> <span class='ocrx_word' id='word_1_90' title='bbox 962 787 1108 822; x_wconf 85' lang='lat' dir='ltr'>apparet,</span> <span class='ocrx_word' id='word_1_91' title='bbox 1137 787 1183 812; x_wconf 85' lang='lat' dir='ltr'>est</span> <span class='ocrx_word' id='word_1_92' title='bbox 1202 794 1290 822; x_wconf 74' lang='lat' dir='ltr'>pus,</span> <span class='ocrx_word' id='word_1_93' title='bbox 1327 783 1462 825; x_wconf 86' lang='lat' dir='ltr'>angulus</span> 
     </span>
     <span class='ocr_line' id='line_1_11' title="bbox 143 832 1461 876; baseline 0.001 -11"><span class='ocrx_word' id='word_1_94' title='bbox 143 840 269 872; x_wconf 82' lang='lat' dir='ltr'>autem,</span> <span class='ocrx_word' id='word_1_95' title='bbox 305 832 363 863; x_wconf 89' lang='lat' dir='ltr'>sub</span> <span class='ocrx_word' id='word_1_96' title='bbox 386 844 448 875; x_wconf 87' lang='lat' dir='ltr'>quo</span> <span class='ocrx_word' id='word_1_97' title='bbox 473 832 584 863; x_wconf 88' lang='lat' dir='ltr'>oculus</span> <span class='ocrx_word' id='word_1_98' title='bbox 610 833 781 875; x_wconf 80' lang='lat' dir='ltr'>imaginem</span> <span class='ocrx_word' id='word_1_99' title='bbox 807 832 906 871; x_wconf 84' lang='lat' dir='ltr'>videt,</span> <span class='ocrx_word' id='word_1_100' title='bbox 938 839 983 863; x_wconf 87' lang='lat' dir='ltr'>est</span> <span class='ocrx_word' id='word_1_101' title='bbox 999 845 1084 874; x_wconf 81' lang='lat' dir='ltr'>prs‚·</span> <span class='ocrx_word' id='word_1_102' title='bbox 1113 839 1222 876; x_wconf 86' lang='lat' dir='ltr'>estque</span> <span class='ocrx_word' id='word_1_103' title='bbox 1245 846 1307 875; x_wconf 76' lang='lat' dir='ltr'>prs</span> <span class='ocrx_word' id='word_1_104' title='bbox 1335 835 1374 865; x_wconf 87' lang='lat' dir='ltr'>ad</span> <span class='ocrx_word' id='word_1_105' title='bbox 1393 847 1461 876; x_wconf 78' lang='lat' dir='ltr'>pns</span> 
     </span>
    </p>
   </div>
   <div class='ocr_carea' id='block_1_2' title="bbox 141 893 1467 1824">
    <p class='ocr_par' dir='ltr' id='par_1_3' title="bbox 142 893 1462 981">
     <span class='ocr_line' id='line_1_12' title="bbox 142 893 1462 943; baseline 0.002 -14"><span class='ocrx_word' id='word_1_106' title='bbox 142 899 191 930; x_wconf 89' lang='lat' dir='ltr'>uti</span> <span class='ocrx_word' id='word_1_107' title='bbox 218 909 257 928; x_wconf 84' lang='lat' dir='ltr'>nc</span> <span class='ocrx_word' id='word_1_108' title='bbox 280 897 319 927; x_wconf 84' lang='lat' dir='ltr'>ad</span> <span class='ocrx_word' id='word_1_109' title='bbox 339 909 383 927; x_wconf 85' lang='lat' dir='ltr'>cr.</span> <span class='ocrx_word' id='word_1_110' title='bbox 414 897 551 928; x_wconf 87' lang='lat' dir='ltr'>Proinde</span> <span class='ocrx_word' id='word_1_111' title='bbox 575 903 606 927; x_wconf 90' lang='lat' dir='ltr'>et</span> <span class='ocrx_word' id='word_1_112' title='bbox 635 898 668 928; x_wconf 93' lang='lat' dir='ltr'>in</span> <span class='ocrx_word' id='word_1_113' title='bbox 694 897 754 927; x_wconf 89' lang='lat' dir='ltr'>hoc</span> <span class='ocrx_word' id='word_1_114' title='bbox 774 896 942 939; x_wconf 83' lang='lat' dir='ltr'>telescopio</span> <span class='ocrx_word' id='word_1_115' title='bbox 973 893 1019 942; x_wconf 37' lang='grc' dir='ltr'><strong><em>ἕ</em></strong></span> <span class='ocrx_word' id='word_1_116' title='bbox 1040 905 1086 929; x_wconf 86' lang='lat' dir='ltr'>est</span> <span class='ocrx_word' id='word_1_117' title='bbox 1113 910 1260 931; x_wconf 86' lang='lat' dir='ltr'>mensura</span> <span class='ocrx_word' id='word_1_118' title='bbox 1287 901 1462 943; x_wconf 88' lang='lat' dir='ltr'>amplifica—</span> 
     </span>
     <span class='ocr_line' id='line_1_13' title="bbox 142 951 245 981; baseline -0.01 0"><span class='ocrx_word' id='word_1_119' title='bbox 142 951 245 981; x_wconf 88' lang='lat' dir='ltr'>tionis.</span> 
     </span>
    </p>

    <p class='ocr_par' dir='ltr' id='par_1_4' title="bbox 141 1002 1464 1253">
     <span class='ocr_line' id='line_1_14' title="bbox 184 1002 1463 1045; baseline 0.002 -12"><span class='ocrx_word' id='word_1_120' title='bbox 184 1002 363 1044; x_wconf 86' lang='lat' dir='ltr'>Longitudo</span> <span class='ocrx_word' id='word_1_121' title='bbox 379 1002 476 1045; x_wconf 87' lang='lat' dir='ltr'>hujus</span> <span class='ocrx_word' id='word_1_122' title='bbox 491 1002 650 1045; x_wconf 88' lang='lat' dir='ltr'>telescopii</span> <span class='ocrx_word' id='word_1_123' title='bbox 665 1002 810 1044; x_wconf 73' lang='lat' dir='ltr'>adaequat</span> <span class='ocrx_word' id='word_1_124' title='bbox 823 1014 978 1034; x_wconf 86' lang='lat' dir='ltr'>summam</span> <span class='ocrx_word' id='word_1_125' title='bbox 996 1003 1214 1035; x_wconf 80' lang='lat' dir='ltr'>distantiarum</span> <span class='ocrx_word' id='word_1_126' title='bbox 1231 1005 1379 1037; x_wconf 85' lang='lat' dir='ltr'>focalium</span> <span class='ocrx_word' id='word_1_127' title='bbox 1394 1018 1463 1037; x_wconf 84' lang='lat' dir='ltr'>am—</span> 
     </span>
     <span class='ocr_line' id='line_1_15' title="bbox 141 1055 1462 1100; baseline 0.004 -15"><span class='ocrx_word' id='word_1_128' title='bbox 141 1055 253 1086; x_wconf 88' lang='lat' dir='ltr'>barum</span> <span class='ocrx_word' id='word_1_129' title='bbox 267 1055 414 1086; x_wconf 87' lang='lat' dir='ltr'>lentium.</span> <span class='ocrx_word' id='word_1_130' title='bbox 436 1056 598 1086; x_wconf 87' lang='lat' dir='ltr'>Distantiis</span> <span class='ocrx_word' id='word_1_131' title='bbox 613 1057 711 1098; x_wconf 86' lang='lat' dir='ltr'>igitur</span> <span class='ocrx_word' id='word_1_132' title='bbox 724 1055 877 1087; x_wconf 84' lang='lat' dir='ltr'>focalibus</span> <span class='ocrx_word' id='word_1_133' title='bbox 891 1056 1026 1087; x_wconf 84' lang='lat' dir='ltr'>lentium</span> <span class='ocrx_word' id='word_1_134' title='bbox 1040 1057 1073 1087; x_wconf 89' lang='lat' dir='ltr'>in</span> <span class='ocrx_word' id='word_1_135' title='bbox 1087 1057 1254 1100; x_wconf 88' lang='lat' dir='ltr'>telescopio</span> <span class='ocrx_word' id='word_1_136' title='bbox 1275 1058 1462 1091; x_wconf 80' lang='lat' dir='ltr'>Galiloeano</span> 
     </span>
     <span class='ocr_line' id='line_1_16' title="bbox 142 1109 1464 1154; baseline 0.005 -16"><span class='ocrx_word' id='word_1_137' title='bbox 142 1113 174 1138; x_wconf 88' lang='lat' dir='ltr'>et</span> <span class='ocrx_word' id='word_1_138' title='bbox 199 1109 403 1149; x_wconf 77' lang='lat' dir='ltr'>Kepleriano</span> <span class='ocrx_word' id='word_1_139' title='bbox 433 1109 543 1140; x_wconf 89' lang='lat' dir='ltr'>iisdem</span> <span class='ocrx_word' id='word_1_140' title='bbox 574 1110 760 1152; x_wconf 84' lang='lat' dir='ltr'>suppositis,</span> <span class='ocrx_word' id='word_1_141' title='bbox 799 1110 844 1140; x_wconf 90' lang='lat' dir='ltr'>vis</span> <span class='ocrx_word' id='word_1_142' title='bbox 876 1109 1070 1152; x_wconf 82' lang='lat' dir='ltr'>amplificans</span> <span class='ocrx_word' id='word_1_143' title='bbox 1097 1111 1131 1140; x_wconf 91' lang='lat' dir='ltr'>in</span> <span class='ocrx_word' id='word_1_144' title='bbox 1165 1116 1301 1153; x_wconf 86' lang='lat' dir='ltr'>utroque</span> <span class='ocrx_word' id='word_1_145' title='bbox 1334 1113 1464 1154; x_wconf 86' lang='lat' dir='ltr'>quidem</span> 
     </span>
     <span class='ocr_line' id='line_1_17' title="bbox 142 1160 1464 1204; baseline 0.005 -14"><span class='ocrx_word' id='word_1_146' title='bbox 142 1160 252 1191; x_wconf 89' lang='lat' dir='ltr'>eadem</span> <span class='ocrx_word' id='word_1_147' title='bbox 274 1161 352 1198; x_wconf 82' lang='lat' dir='ltr'>erit,</span> <span class='ocrx_word' id='word_1_148' title='bbox 378 1161 431 1191; x_wconf 89' lang='lat' dir='ltr'>sed</span> <span class='ocrx_word' id='word_1_149' title='bbox 459 1161 685 1192; x_wconf 76' lang='lat' dir='ltr'>Galiloeanam</span> <span class='ocrx_word' id='word_1_150' title='bbox 713 1162 810 1204; x_wconf 90' lang='lat' dir='ltr'>dupla</span> <span class='ocrx_word' id='word_1_151' title='bbox 834 1163 979 1194; x_wconf 83' lang='lat' dir='ltr'>distantia</span> <span class='ocrx_word' id='word_1_152' title='bbox 1004 1163 1096 1194; x_wconf 88' lang='lat' dir='ltr'>focali</span> <span class='ocrx_word' id='word_1_153' title='bbox 1120 1163 1213 1194; x_wconf 80' lang='lat' dir='ltr'>lentis</span> <span class='ocrx_word' id='word_1_154' title='bbox 1233 1164 1366 1196; x_wconf 89' lang='lat' dir='ltr'>ocularis</span> <span class='ocrx_word' id='word_1_155' title='bbox 1390 1165 1464 1197; x_wconf 89' lang='lat' dir='ltr'>bre-</span> 
     </span>
     <span class='ocr_line' id='line_1_18' title="bbox 142 1213 454 1253; baseline 0.003 -10"><span class='ocrx_word' id='word_1_156' title='bbox 142 1213 213 1243; x_wconf 89' lang='lat' dir='ltr'>vius</span> <span class='ocrx_word' id='word_1_157' title='bbox 238 1213 454 1253; x_wconf 78' lang='lat' dir='ltr'>Keplericzno.</span> 
     </span>
    </p>

    <p class='ocr_par' dir='ltr' id='par_1_5' title="bbox 141 1264 1467 1824">
     <span class='ocr_line' id='line_1_19' title="bbox 186 1264 1465 1314; baseline 0.005 -19"><span class='ocrx_word' id='word_1_158' title='bbox 186 1265 261 1296; x_wconf 83' lang='lat' dir='ltr'>Haec</span> <span class='ocrx_word' id='word_1_159' title='bbox 285 1265 405 1296; x_wconf 84' lang='lat' dir='ltr'>theoria</span> <span class='ocrx_word' id='word_1_160' title='bbox 434 1268 585 1308; x_wconf 90' lang='lat' dir='ltr'>supponit</span> <span class='ocrx_word' id='word_1_161' title='bbox 610 1267 730 1311; x_wconf 84' lang='lat' dir='ltr'>objecta</span> <span class='ocrx_word' id='word_1_162' title='bbox 757 1280 911 1311; x_wconf 84' lang='lat' dir='ltr'>perquam</span> <span class='ocrx_word' id='word_1_163' title='bbox 936 1264 1110 1312; x_wconf 82' lang='lat' dir='ltr'>longinqua</span> <span class='ocrx_word' id='word_1_164' title='bbox 1136 1274 1168 1300; x_wconf 83' lang='lat' dir='ltr'>et</span> <span class='ocrx_word' id='word_1_165' title='bbox 1189 1270 1296 1301; x_wconf 90' lang='lat' dir='ltr'>oculos</span> <span class='ocrx_word' id='word_1_166' title='bbox 1315 1270 1465 1314; x_wconf 82' lang='lat' dir='ltr'>bresbyo-</span> 
     </span>
     <span class='ocr_line' id='line_1_20' title="bbox 142 1317 1466 1366; baseline 0.006 -19"><span class='ocrx_word' id='word_1_167' title='bbox 142 1317 194 1359; x_wconf 87' lang='lat' dir='ltr'>pia</span> <span class='ocrx_word' id='word_1_168' title='bbox 214 1317 399 1360; x_wconf 84' lang='lat' dir='ltr'>gaudentes.</span> <span class='ocrx_word' id='word_1_169' title='bbox 425 1319 457 1348; x_wconf 83' lang='lat' dir='ltr'>Si</span> <span class='ocrx_word' id='word_1_170' title='bbox 478 1319 576 1361; x_wconf 83' lang='lat' dir='ltr'>igitur</span> <span class='ocrx_word' id='word_1_171' title='bbox 598 1319 718 1363; x_wconf 85' lang='lat' dir='ltr'>objecta</span> <span class='ocrx_word' id='word_1_172' title='bbox 740 1321 802 1351; x_wconf 86' lang='lat' dir='ltr'>sint</span> <span class='ocrx_word' id='word_1_173' title='bbox 821 1322 984 1363; x_wconf 87' lang='lat' dir='ltr'>propiora,</span> <span class='ocrx_word' id='word_1_174' title='bbox 1003 1322 1145 1364; x_wconf 80' lang='lat' dir='ltr'>adeoque</span> <span class='ocrx_word' id='word_1_175' title='bbox 1167 1323 1246 1353; x_wconf 86' lang='lat' dir='ltr'>radii</span> <span class='ocrx_word' id='word_1_176' title='bbox 1266 1323 1305 1354; x_wconf 89' lang='lat' dir='ltr'>ab</span> <span class='ocrx_word' id='word_1_177' title='bbox 1324 1324 1466 1366; x_wconf 88' lang='lat' dir='ltr'>ipsorum</span> 
     </span>
     <span class='ocr_line' id='line_1_21' title="bbox 142 1370 1466 1418; baseline 0.007 -19"><span class='ocrx_word' id='word_1_178' title='bbox 142 1370 270 1411; x_wconf 87' lang='lat' dir='ltr'>punctis</span> <span class='ocrx_word' id='word_1_179' title='bbox 298 1370 401 1400; x_wconf 90' lang='lat' dir='ltr'>emissi</span> <span class='ocrx_word' id='word_1_180' title='bbox 433 1370 511 1401; x_wconf 90' lang='lat' dir='ltr'>lenti</span> <span class='ocrx_word' id='word_1_181' title='bbox 546 1371 708 1415; x_wconf 80' lang='lat' dir='ltr'>objectivae</span> <span class='ocrx_word' id='word_1_182' title='bbox 736 1384 800 1403; x_wconf 90' lang='lat' dir='ltr'>non</span> <span class='ocrx_word' id='word_1_183' title='bbox 834 1373 976 1415; x_wconf 83' lang='lat' dir='ltr'>paralleli</span> <span class='ocrx_word' id='word_1_184' title='bbox 1001 1374 1163 1414; x_wconf 77' lang='lat' dir='ltr'>incidant,</span> <span class='ocrx_word' id='word_1_185' title='bbox 1202 1376 1306 1418; x_wconf 82' lang='lat' dir='ltr'>imago</span> <span class='ocrx_word' id='word_1_186' title='bbox 1335 1376 1466 1408; x_wconf 88' lang='lat' dir='ltr'>demum</span> 
     </span>
     <span class='ocr_line' id='line_1_22' title="bbox 142 1423 1464 1471; baseline 0.006 -19"><span class='ocrx_word' id='word_1_187' title='bbox 142 1428 213 1464; x_wconf 87' lang='lat' dir='ltr'>post</span> <span class='ocrx_word' id='word_1_188' title='bbox 232 1434 277 1463; x_wconf 79' lang='lat' dir='ltr'>ps</span> <span class='ocrx_word' id='word_1_189' title='bbox 309 1423 477 1454; x_wconf 85' lang='lat' dir='ltr'>formatur.</span> <span class='ocrx_word' id='word_1_190' title='bbox 513 1424 716 1468; x_wconf 81' lang='lat' dir='ltr'>Quapropter</span> <span class='ocrx_word' id='word_1_191' title='bbox 739 1426 808 1457; x_wconf 88' lang='lat' dir='ltr'>lens</span> <span class='ocrx_word' id='word_1_192' title='bbox 832 1426 966 1458; x_wconf 85' lang='lat' dir='ltr'>ocularis</span> <span class='ocrx_word' id='word_1_193' title='bbox 991 1428 1106 1470; x_wconf 83' lang='lat' dir='ltr'>magis,</span> <span class='ocrx_word' id='word_1_194' title='bbox 1132 1439 1229 1470; x_wconf 89' lang='lat' dir='ltr'>quam</span> <span class='ocrx_word' id='word_1_195' title='bbox 1254 1435 1361 1469; x_wconf 83' lang='lat' dir='ltr'>antea,</span> <span class='ocrx_word' id='word_1_196' title='bbox 1385 1442 1401 1460; x_wconf 89' lang='lat' dir='ltr'>a</span> <span class='ocrx_word' id='word_1_197' title='bbox 1419 1442 1464 1471; x_wconf 80' lang='lat' dir='ltr'>ps</span> 
     </span>
     <span class='ocr_line' id='line_1_23' title="bbox 141 1475 1467 1525; baseline 0.005 -19"><span class='ocrx_word' id='word_1_198' title='bbox 141 1475 333 1518; x_wconf 86' lang='lat' dir='ltr'>removenda</span> <span class='ocrx_word' id='word_1_199' title='bbox 358 1482 422 1516; x_wconf 82' lang='lat' dir='ltr'>est,</span> <span class='ocrx_word' id='word_1_200' title='bbox 448 1483 485 1508; x_wconf 87' lang='lat' dir='ltr'>ut</span> <span class='ocrx_word' id='word_1_201' title='bbox 506 1478 609 1520; x_wconf 82' lang='lat' dir='ltr'>imago</span> <span class='ocrx_word' id='word_1_202' title='bbox 635 1491 708 1510; x_wconf 89' lang='lat' dir='ltr'>cum</span> <span class='ocrx_word' id='word_1_203' title='bbox 731 1479 816 1510; x_wconf 92' lang='lat' dir='ltr'>illius</span> <span class='ocrx_word' id='word_1_204' title='bbox 840 1480 911 1510; x_wconf 88' lang='lat' dir='ltr'>foco</span> <span class='ocrx_word' id='word_1_205' title='bbox 939 1486 1104 1522; x_wconf 83' lang='lat' dir='ltr'>congruat.</span> <span class='ocrx_word' id='word_1_206' title='bbox 1131 1481 1226 1512; x_wconf 87' lang='lat' dir='ltr'>Oculi</span> <span class='ocrx_word' id='word_1_207' title='bbox 1248 1487 1356 1513; x_wconf 86' lang='lat' dir='ltr'>autem</span> <span class='ocrx_word' id='word_1_208' title='bbox 1375 1494 1467 1525; x_wconf 83' lang='lat' dir='ltr'>myo-</span> 
     </span>
     <span class='ocr_line' id='line_1_24' title="bbox 142 1527 1466 1576; baseline 0.007 -19"><span class='ocrx_word' id='word_1_209' title='bbox 142 1538 197 1569; x_wconf 90' lang='lat' dir='ltr'>pes</span> <span class='ocrx_word' id='word_1_210' title='bbox 224 1527 370 1559; x_wconf 84' lang='lat' dir='ltr'>distincte</span> <span class='ocrx_word' id='word_1_211' title='bbox 402 1529 511 1560; x_wconf 85' lang='lat' dir='ltr'>vident</span> <span class='ocrx_word' id='word_1_212' title='bbox 538 1531 690 1573; x_wconf 82' lang='lat' dir='ltr'>imagines</span> <span class='ocrx_word' id='word_1_213' title='bbox 722 1544 782 1563; x_wconf 91' lang='lat' dir='ltr'>non</span> <span class='ocrx_word' id='word_1_214' title='bbox 817 1533 992 1574; x_wconf 79' lang='lat' dir='ltr'>parallelis,</span> <span class='ocrx_word' id='word_1_215' title='bbox 1021 1533 1074 1564; x_wconf 87' lang='lat' dir='ltr'>sed</span> <span class='ocrx_word' id='word_1_216' title='bbox 1106 1533 1344 1576; x_wconf 87' lang='lat' dir='ltr'>divergentibus</span> <span class='ocrx_word' id='word_1_217' title='bbox 1372 1535 1466 1566; x_wconf 85' lang='lat' dir='ltr'>radiis</span> 
     </span>
     <span class='ocr_line' id='line_1_25' title="bbox 143 1581 1464 1629; baseline 0.007 -19"><span class='ocrx_word' id='word_1_218' title='bbox 143 1581 303 1611; x_wconf 85' lang='lat' dir='ltr'>formatas.</span> <span class='ocrx_word' id='word_1_219' title='bbox 338 1581 384 1612; x_wconf 83' lang='lat' dir='ltr'>Ut</span> <span class='ocrx_word' id='word_1_220' title='bbox 410 1582 508 1624; x_wconf 84' lang='lat' dir='ltr'>igitur</span> <span class='ocrx_word' id='word_1_221' title='bbox 533 1583 630 1623; x_wconf 81' lang='lat' dir='ltr'>radii,</span> <span class='ocrx_word' id='word_1_222' title='bbox 655 1596 672 1615; x_wconf 88' lang='lat' dir='ltr'>e</span> <span class='ocrx_word' id='word_1_223' title='bbox 700 1586 827 1627; x_wconf 87' lang='lat' dir='ltr'>punctis</span> <span class='ocrx_word' id='word_1_224' title='bbox 853 1586 999 1628; x_wconf 84' lang='lat' dir='ltr'>imaginis</span> <span class='ocrx_word' id='word_1_225' title='bbox 1019 1598 1064 1627; x_wconf 79' lang='lat' dir='ltr'>ps</span> <span class='ocrx_word' id='word_1_226' title='bbox 1090 1587 1211 1625; x_wconf 84' lang='lat' dir='ltr'>emissi,</span> <span class='ocrx_word' id='word_1_227' title='bbox 1249 1593 1319 1629; x_wconf 89' lang='lat' dir='ltr'>post</span> <span class='ocrx_word' id='word_1_228' title='bbox 1347 1588 1464 1619; x_wconf 88' lang='lat' dir='ltr'>lentem</span> 
     </span>
     <span class='ocr_line' id='line_1_26' title="bbox 143 1633 1465 1684; baseline 0.006 -20"><span class='ocrx_word' id='word_1_229' title='bbox 143 1633 304 1665; x_wconf 87' lang='lat' dir='ltr'>ocularem</span> <span class='ocrx_word' id='word_1_230' title='bbox 332 1634 472 1677; x_wconf 87' lang='lat' dir='ltr'>aliquam</span> <span class='ocrx_word' id='word_1_231' title='bbox 498 1636 726 1680; x_wconf 83' lang='lat' dir='ltr'>divergentiam</span> <span class='ocrx_word' id='word_1_232' title='bbox 757 1645 965 1678; x_wconf 80' lang='lat' dir='ltr'>conservent,</span> <span class='ocrx_word' id='word_1_233' title='bbox 1004 1638 1071 1670; x_wconf 91' lang='lat' dir='ltr'>lens</span> <span class='ocrx_word' id='word_1_234' title='bbox 1100 1639 1233 1670; x_wconf 84' lang='lat' dir='ltr'>ocularis</span> <span class='ocrx_word' id='word_1_235' title='bbox 1265 1641 1397 1684; x_wconf 84' lang='lat' dir='ltr'>imagini</span> <span class='ocrx_word' id='word_1_236' title='bbox 1419 1654 1465 1683; x_wconf 71' lang='lat' dir='ltr'>ps</span> 
     </span>
     <span class='ocr_line' id='line_1_27' title="bbox 143 1687 1467 1736; baseline 0.005 -18"><span class='ocrx_word' id='word_1_237' title='bbox 143 1688 274 1730; x_wconf 83' lang='lat' dir='ltr'>propius</span> <span class='ocrx_word' id='word_1_238' title='bbox 294 1687 489 1719; x_wconf 85' lang='lat' dir='ltr'>admovenda</span> <span class='ocrx_word' id='word_1_239' title='bbox 516 1695 572 1720; x_wconf 87' lang='lat' dir='ltr'>est.</span> <span class='ocrx_word' id='word_1_240' title='bbox 595 1691 732 1721; x_wconf 86' lang='lat' dir='ltr'>Proinde</span> <span class='ocrx_word' id='word_1_241' title='bbox 756 1696 892 1733; x_wconf 85' lang='lat' dir='ltr'>utraque</span> <span class='ocrx_word' id='word_1_242' title='bbox 917 1691 1031 1723; x_wconf 81' lang='lat' dir='ltr'>harum</span> <span class='ocrx_word' id='word_1_243' title='bbox 1056 1692 1274 1724; x_wconf 84' lang='lat' dir='ltr'>conditionum</span> <span class='ocrx_word' id='word_1_244' title='bbox 1295 1692 1408 1736; x_wconf 79' lang='lat' dir='ltr'>exigit,</span> <span class='ocrx_word' id='word_1_245' title='bbox 1430 1701 1467 1726; x_wconf 87' lang='lat' dir='ltr'>ut</span> 
     </span>
     <span class='ocr_line' id='line_1_28' title="bbox 145 1739 1466 1790; baseline 0.006 -20"><span class='ocrx_word' id='word_1_246' title='bbox 145 1739 246 1771; x_wconf 89' lang='lat' dir='ltr'>lentes</span> <span class='ocrx_word' id='word_1_247' title='bbox 274 1740 437 1779; x_wconf 81' lang='lat' dir='ltr'>oculares,</span> <span class='ocrx_word' id='word_1_248' title='bbox 473 1741 586 1773; x_wconf 83' lang='lat' dir='ltr'>tubulo</span> <span class='ocrx_word' id='word_1_249' title='bbox 621 1744 737 1774; x_wconf 85' lang='lat' dir='ltr'>minori</span> <span class='ocrx_word' id='word_1_250' title='bbox 762 1745 890 1774; x_wconf 87' lang='lat' dir='ltr'>seorsim</span> <span class='ocrx_word' id='word_1_251' title='bbox 920 1744 1070 1786; x_wconf 78' lang='lat' dir='ltr'>inclusae,</span> <span class='ocrx_word' id='word_1_252' title='bbox 1103 1746 1137 1776; x_wconf 89' lang='lat' dir='ltr'>in</span> <span class='ocrx_word' id='word_1_253' title='bbox 1163 1745 1274 1789; x_wconf 83' lang='lat' dir='ltr'>majori</span> <span class='ocrx_word' id='word_1_254' title='bbox 1306 1747 1466 1790; x_wconf 87' lang='lat' dir='ltr'>telescopii</span> 
     </span>
     <span class='ocr_line' id='line_1_29' title="bbox 145 1791 472 1824; baseline 0.006 -2"><span class='ocrx_word' id='word_1_255' title='bbox 145 1791 221 1823; x_wconf 87' lang='lat' dir='ltr'>tubo</span> <span class='ocrx_word' id='word_1_256' title='bbox 246 1792 375 1824; x_wconf 86' lang='lat' dir='ltr'>mobiles</span> <span class='ocrx_word' id='word_1_257' title='bbox 400 1794 472 1824; x_wconf 88' lang='lat' dir='ltr'>sint.</span> 
     </span>
    </p>
   </div>
   <div class='ocr_carea' id='block_1_3' title="bbox 189 1845 1462 1894">
    <p class='ocr_par' dir='ltr' id='par_1_6' title="bbox 189 1845 1462 1894">
     <span class='ocr_line' id='line_1_30' title="bbox 189 1845 1462 1894; baseline 0.007 -19"><span class='ocrx_word' id='word_1_258' title='bbox 189 1845 265 1876; x_wconf 86' lang='lat' dir='ltr'>Haec</span> <span class='ocrx_word' id='word_1_259' title='bbox 286 1847 390 1877; x_wconf 86' lang='lat' dir='ltr'>omnia</span> <span class='ocrx_word' id='word_1_260' title='bbox 406 1848 500 1878; x_wconf 84' lang='lat' dir='ltr'>etiam</span> <span class='ocrx_word' id='word_1_261' title='bbox 523 1847 561 1879; x_wconf 92' lang='lat' dir='ltr'>de</span> <span class='ocrx_word' id='word_1_262' title='bbox 584 1849 748 1892; x_wconf 88' lang='lat' dir='ltr'>telescopio</span> <span class='ocrx_word' id='word_1_263' title='bbox 774 1850 962 1881; x_wconf 81' lang='lat' dir='ltr'>Galilaeano</span> <span class='ocrx_word' id='word_1_264' title='bbox 981 1862 1018 1882; x_wconf 84' lang='lat' dir='ltr'>ex</span> <span class='ocrx_word' id='word_1_265' title='bbox 1037 1862 1128 1894; x_wconf 89' lang='lat' dir='ltr'>aequo</span> <span class='ocrx_word' id='word_1_266' title='bbox 1143 1851 1248 1885; x_wconf 89' lang='lat' dir='ltr'>valere</span> <span class='ocrx_word' id='word_1_267' title='bbox 1263 1853 1392 1886; x_wconf 87' lang='lat' dir='ltr'>evidens</span> <span class='ocrx_word' id='word_1_268' title='bbox 1407 1860 1462 1884; x_wconf 80' lang='lat' dir='ltr'>est.</span> 
     </span>
    </p>
   </div>
   <div class='ocr_carea' id='block_1_4' title="bbox 145 1916 1464 2072">
    <p class='ocr_par' dir='ltr' id='par_1_7' title="bbox 145 1916 1464 2072">
     <span class='ocr_line' id='line_1_31' title="bbox 189 1916 1464 1966; baseline 0.007 -20"><span class='ocrx_word' id='word_1_269' title='bbox 189 1916 243 1946; x_wconf 91' lang='lat' dir='ltr'>III.</span> <span class='ocrx_word' id='word_1_270' title='bbox 288 1917 323 1947; x_wconf 90' lang='lat' dir='ltr'>T.</span> <span class='ocrx_word' id='word_1_271' title='bbox 347 1919 594 1959; x_wconf 56' lang='lat' dir='ltr'>Sclqyrlaecmzcm</span> <span class='ocrx_word' id='word_1_272' title='bbox 625 1922 691 1953; x_wconf 87' lang='lat' dir='ltr'>sive</span> <span class='ocrx_word' id='word_1_273' title='bbox 723 1928 890 1959; x_wconf 76' lang='lat' dir='ltr'>terrestre,</span> <span class='ocrx_word' id='word_1_274' title='bbox 922 1923 933 1964; x_wconf 94' lang='lat'>(</span> <span class='ocrx_word' id='word_1_275' title='bbox 942 1923 1006 1966; x_wconf 80' lang='lat' dir='ltr'>fig.</span> <span class='ocrx_word' id='word_1_276' title='bbox 1034 1924 1088 1966; x_wconf 86' lang='lat'>3.)</span> <span class='ocrx_word' id='word_1_277' title='bbox 1117 1934 1135 1955; x_wconf 89' lang='lat' dir='ltr'>e</span> <span class='ocrx_word' id='word_1_278' title='bbox 1159 1930 1295 1966; x_wconf 87' lang='lat' dir='ltr'>quatuor</span> <span class='ocrx_word' id='word_1_279' title='bbox 1327 1924 1464 1956; x_wconf 89' lang='lat' dir='ltr'>lentibus</span> 
     </span>
     <span class='ocr_line' id='line_1_32' title="bbox 146 1970 1462 2020; baseline 0.008 -21"><span class='ocrx_word' id='word_1_280' title='bbox 146 1970 294 2000; x_wconf 83' lang='lat' dir='ltr'>convexis</span> <span class='ocrx_word' id='word_1_281' title='bbox 319 1972 545 2013; x_wconf 84' lang='lat' dir='ltr'>compositum,</span> <span class='ocrx_word' id='word_1_282' title='bbox 575 1984 709 2015; x_wconf 88' lang='lat' dir='ltr'>quarum</span> <span class='ocrx_word' id='word_1_283' title='bbox 741 1987 804 2007; x_wconf 87' lang='lat' dir='ltr'>una</span> <span class='ocrx_word' id='word_1_284' title='bbox 834 1977 907 2007; x_wconf 79' lang='lat' dir='ltr'>vitri</span> <span class='ocrx_word' id='word_1_285' title='bbox 932 1976 1099 2020; x_wconf 80' lang='lat' dir='ltr'>objectivi,</span> <span class='ocrx_word' id='word_1_286' title='bbox 1132 1977 1262 2020; x_wconf 83' lang='lat' dir='ltr'>reliquae</span> <span class='ocrx_word' id='word_1_287' title='bbox 1288 1978 1462 2009; x_wconf 87' lang='lat' dir='ltr'>ocularium</span> 
     </span>
     <span class='ocr_line' id='line_1_33' title="bbox 145 2021 1462 2072; baseline 0.008 -19"><span class='ocrx_word' id='word_1_288' title='bbox 145 2021 230 2053; x_wconf 86' lang='lat' dir='ltr'>vices</span> <span class='ocrx_word' id='word_1_289' title='bbox 258 2029 427 2065; x_wconf 73' lang='lat' dir='ltr'>praestant,</span> <span class='ocrx_word' id='word_1_290' title='bbox 455 2025 643 2058; x_wconf 87' lang='lat' dir='ltr'>considerari</span> <span class='ocrx_word' id='word_1_291' title='bbox 670 2034 772 2070; x_wconf 87' lang='lat' dir='ltr'>potest</span> <span class='ocrx_word' id='word_1_292' title='bbox 794 2035 945 2072; x_wconf 85' lang='lat' dir='ltr'>tanquam</span> <span class='ocrx_word' id='word_1_293' title='bbox 971 2029 1176 2072; x_wconf 87' lang='lat' dir='ltr'>telescopium</span> <span class='ocrx_word' id='word_1_294' title='bbox 1198 2031 1462 2071; x_wconf 81' lang='lat' dir='ltr'>astronomicum,</span> 
     </span>
    </p>
   </div>
  </div>
 </body>
</html>
