1809 2469
734 235 744 275 <
769 235 805 273 4¹
835 235 846 276 )

173 308 234 338 Sed
259 308 341 339 hanc
369 308 584 339 definitionem
613 314 645 338 et
669 306 734 345 illi,
769 317 865 348 quam
896 317 989 348 supra
1021 317 1059 337 ex
1088 308 1231 338 Hevelio
1266 309 1452 348 attulimus,

129 361 291 393 adversam
315 367 347 392 et
367 361 496 392 definito
520 372 577 392 suo
602 371 712 390 revera
739 360 954 402 angustiorem
981 371 1046 391 esse
1061 385 1069 400 ,
1099 361 1245 393 omnibus
1269 373 1337 393 rem
1359 375 1454 394 cura-

130 416 194 446 tius
218 415 473 446 examinantibus
493 414 587 444 faeile
610 413 741 455 patebit.

173 478 228 508 ΙΙΙ.
268 478 305 508 T.
337 477 577 519 Gregoricmam
606 488 622 507 a
647 477 773 507 Jacoho
813 476 993 518 Gregorio,
1030 476 1246 508 Abredonensi
1279 477 1391 517 Scoto,
1423 479 1455 509 in

136 530 259 571 Opticcz
274 535 430 571 promota
449 540 533 559 anno
557 529 641 560 1663
668 531 808 572 primum
832 530 1046 572 propositum,
1069 531 1195 561 nonnisi
1220 543 1303 562 anno
1325 532 1456 564 demum

131 583 218 618 1726
237 582 276 614 ab
300 582 453 624 Hadlejo
474 583 515 613 ita
541 582 691 613 effectum
714 583 793 621 fuit,
825 588 863 613 ut
885 583 1031 613 omnibus
1057 582 1220 614 desideriis
1242 584 1455 625 satisfaceret,

130 642 163 668 et
181 636 426 678 frequentissmo
452 636 525 666 usui
551 636 663 666 merito
689 635 977 667 commendaretur.

174 690 219 720 Ea
242 690 342 731 igitur
366 689 608 720 constructionis
633 690 774 727 ratione,
812 700 883 731 quae
909 688 948 719 ab
973 688 1126 731 Hadlejo
1159 689 1341 721 introducta
1374 691 1456 731 fuit,

132 743 315 774 confectum
344 741 515 773 exhibetur
536 742 637 784 figura
662 742 707 773 61³
723 765 731 780 ,
757 753 829 783 quae
853 741 1003 780 ostendit,
1029 741 1109 773 illud
1131 743 1278 784 componi
1296 754 1314 774 e
1334 743 1458 776 duobus

132 796 269 839 speculis
293 795 453 837 sphaericis
472 795 616 826 concavis
637 800 668 825 et
690 793 814 825 duobus
834 795 923 825 vitris
944 794 1126 825 ocularibus
1151 797 1310 826 convexis.
1341 797 1457 840 Figura

133 849 388 880 intersectionem
414 848 618 878 instrumenti
641 858 698 889 per
718 858 827 885 axem,
850 858 865 877 a
892 846 1003 888 plano,
1028 846 1183 877 horizonti
1204 848 1371 890 parallelo,
1392 850 1460 880 fac—

133 908 214 941 tam,
241 900 391 931 exhibere
408 899 584 942 reputanda
607 905 639 929 et
659 910 677 929 e
697 899 827 941 regione
851 898 936 930 oculi
954 898 1044 941 juxta
1067 899 1274 930 directionem
1296 902 1361 932 axis
1381 914 1459 933 con-

133 953 298 985 sideranda
323 959 390 990 est,
419 952 505 994 quod
530 952 569 983 de
588 951 718 993 reliquis
743 962 873 993 quoque
893 951 1138 994 telescopiorum
1166 953 1276 996 figuris
1304 966 1343 985 ex
1369 967 1460 998 aequo

135 1007 242 1038 valere
266 1016 443 1036 monemus.

177 1060 233 1091 His
253 1060 422 1102 suppositis
444 1065 491 1089 est
511 1058 624 1089 ABDE
648 1057 746 1089 tubus
768 1058 980 1098 ofichalceus,
1007 1059 1041 1089 in
1063 1070 1127 1102 quo
1144 1060 1328 1092 continetur
1347 1061 1386 1093 ad
1407 1062 1461 1093 AB

133 1113 300 1157 speculum
324 1112 426 1156 majus
448 1112 638 1155 sphaericum
666 1123 857 1151 concavum,
884 1112 971 1151 MM,
994 1113 1029 1143 in
1053 1112 1156 1143 medio
1179 1119 1347 1156 pertusum
1374 1115 1462 1147 fora—

133 1168 220 1198 mine
245 1166 395 1198 rotundo.
435 1165 518 1196 Huic
543 1166 692 1196 foramini
721 1177 760 1196 ex
786 1166 916 1197 adverso
947 1166 987 1197 ad
1020 1166 1157 1198 alterum
1186 1167 1255 1198 tubi
1279 1174 1461 1201 extremum

135 1221 345 1252 constitutum
376 1225 422 1250 est
451 1219 619 1262 speculum
649 1220 756 1250 minus
789 1230 967 1252 concavum
1003 1232 1089 1257 mm,
1129 1220 1241 1263 majori
1271 1222 1462 1264 parallelum

134 1273 296 1317 hujusque
320 1273 476 1303 foramine
501 1272 634 1303 centrali
655 1272 817 1315 aliquanto
840 1272 949 1313 latius,
971 1273 1057 1316 quod
1077 1285 1094 1304 a
1117 1285 1245 1305 cursore
1263 1276 1306 1307 ita
1323 1278 1462 1309 sustine-

134 1334 205 1367 tur,
226 1333 264 1358 ut
286 1325 383 1369 hujus
405 1336 461 1368 pes
484 1325 630 1365 cochlea,
653 1332 792 1357 externae
813 1326 883 1357 tubi
903 1327 1083 1369 superficiei
1103 1327 1137 1357 in
1159 1328 1223 1359 situ
1243 1329 1294 1359 axi
1312 1330 1462 1371 parallelo

135 1380 309 1423 applicata,
330 1380 412 1409 intra
433 1378 575 1409 canalem
594 1378 717 1410 mobilis
736 1381 792 1419 sit,
817 1380 895 1411 adeo
915 1386 952 1412 ut
967 1380 1135 1423 speculum
1156 1382 1278 1421 minus,
1298 1382 1384 1414 illius
1400 1385 1464 1416 situ

135 1434 174 1465 ad
195 1444 286 1464 axem
309 1433 407 1463 relato
431 1443 556 1475 semper
581 1432 692 1464 eodem
721 1440 893 1473 manente,
923 1433 1034 1477 majori
1059 1434 1098 1464 ad
1122 1433 1249 1465 libitum
1271 1435 1323 1466 vel
1347 1448 1463 1479 appro-

136 1487 286 1529 pinquari
308 1486 358 1517 vel
377 1486 415 1516 ab
436 1486 548 1517 eodem
570 1488 727 1520 removeri
745 1493 778 1519 et
801 1488 970 1530 utriusque
988 1487 1065 1518 situs
1085 1486 1237 1519 relativus
1257 1500 1315 1530 pro
1341 1491 1463 1521 ratione

136 1540 378 1571 constructionis
401 1539 486 1570 oculi
510 1539 562 1571 vel
593 1539 748 1572 distantiae
773 1540 888 1583 objecti
912 1540 1042 1573 visibilis
1073 1540 1230 1571 moderari
1259 1542 1365 1583 possit.
1404 1543 1464 1574 Cui

136 1592 266 1624 consilio
286 1598 323 1623 ut
346 1593 489 1631 satisfiat,
519 1593 686 1635 speculum
707 1593 814 1624 minus
839 1593 922 1624 ultra
950 1592 1075 1636 majoris
1100 1593 1209 1625 focum
1233 1594 1275 1625 ita
1305 1595 1465 1627 collocan-

137 1646 215 1677 dum
236 1651 302 1685 est,
334 1651 371 1676 ut
393 1646 563 1688 utriusque
587 1646 649 1677 foci
672 1659 689 1678 a
713 1658 745 1678 se
775 1647 913 1679 invicem
939 1646 1055 1677 distent
1079 1646 1264 1687 intervallo,
1291 1649 1376 1690 quod
1407 1649 1465 1681 de-

136 1699 327 1730 terminatur
351 1698 411 1730 hac
435 1699 595 1742 analogia:
620 1701 749 1741 speculi
769 1699 908 1743 majoris
930 1700 1095 1731 dis-tantia
1106 1699 1239 1743 focalis
1259 1707 1311 1731 est
1326 1702 1374 1732 ad
1392 1703 1465 1733 clis-

138 1753 281 1783 tantiam
294 1751 445 1794 focalem
469 1754 625 1790 minoris,
665 1755 716 1784 uti
739 1754 810 1784 ἠως·
837 1754 885 1784 ad
912 1754 1111 1795 requisitam
1135 1754 1312 1796 utriusque
1335 1757 1464 1796 speculi

133 1804 285 1847 focorum
310 1805 517 1837 distantiam.
546 1807 706 1838 Foramini
728 1807 823 1839 fundi
846 1807 916 1838 tubi
936 1806 1116 1849 amplioriS‚
1146 1807 1351 1850 respondenti
1378 1809 1464 1840 fora-

137 1858 220 1889 mini
244 1857 387 1892 centrali,
402 1857 528 1901 majoris
558 1859 700 1902 speculi,
730 1861 872 1903 spiratim
899 1861 1057 1892 immissus
1081 1866 1128 1891 est
1153 1860 1286 1892 tubulus
1308 1862 1462 1902 ocularis,

140 1910 218 1943 duas
238 1916 361 1953 gestans
386 1911 487 1943 lentes
511 1912 667 1953 oculares,
693 1913 823 1945 alteram
848 1913 1137 1956 plano-convexam
1167 1913 1214 1950 ll,
1241 1913 1371 1945 alteram
1393 1925 1463 1946 me-

139 1964 264 1995 niscum
285 1978 347 2006 μμ.

183 2016 216 2047 Si
250 2017 349 2059 igitur
374 2017 443 2050 tubi
480 2019 641 2062 amplioris
666 2026 848 2053 extremum
876 2026 1022 2064 aper-'aun
1055 2020 1177 2064 objecto
1206 2020 1380 2064 longinquo
1415 2022 1461 2053 SP
