1809 2469
742 219 854 261 (37)

133 301 245 332 sitione
275 298 378 328 VIIma
404 307 560 334 asserens,
594 304 668 325 cum
693 291 822 334 speculo
845 289 963 333 majore
992 288 1170 331 parabolico
1196 299 1350 327 concavo,
1382 300 1455 331 spe-

135 352 244 384 culum
268 351 372 382 minus
396 349 515 392 pariter
535 345 771 389 parabolicum,
795 343 860 374 sive
881 353 1057 373 concavum
1082 341 1147 373 sive
1168 351 1364 379 convexum,
1386 346 1456 380 aut,

134 406 159 436 si
186 404 247 435 tale
273 415 337 434 non
361 408 474 446 praesto
498 401 555 438 sit,
585 398 680 429 etiam
709 396 862 438 exiguum
889 394 1055 437 speculum
1081 393 1215 435 planum
1238 394 1280 424 ita
1311 394 1456 424 connecti

135 469 242 501 posse,
269 463 306 488 ut
330 458 578 487 instrumentum
605 452 649 482 sic
671 450 897 491 compositum,
920 449 1018 478 instar
1040 446 1214 488 telescopii,
1241 445 1361 488 objecta
1386 446 1459 476 lon-

136 511 254 553 ginqua
275 508 461 551 amplificata
485 504 644 536 exhibeat.
671 503 828 534 Praeterea
855 502 888 532 in
912 499 1069 530 Ballistica
1095 499 1190 529 etiarn
1214 498 1458 529 delineationem

134 562 233 606 hujus
256 559 460 592 instrumenti
482 557 676 600 divulgavit,
702 556 745 586 ita
771 554 933 591 effectam,
960 558 997 583 ut
1020 551 1168 583 exhibeat
1188 550 1369 593 parabolam
1391 562 1459 581 nia—

136 615 259 658 jorem,
295 612 386 656 cujus
422 612 492 642 foco
529 610 671 653 proxima
707 608 849 638 cernitur
885 605 981 636 altera
1017 603 1163 647 parabola
1199 604 1321 640 minor·⁷
1358 603 1460 634 radios

135 665 317 709 paralle105‚
343 665 382 695 ab
404 665 461 695 ista
484 669 635 705 tanquam
658 664 885 702 convergentes
911 658 1063 697 reflexos,
1086 657 1193 688 denuo
1218 656 1383 698 parallelos
1408 667 1460 687 re-

135 719 284 757 flectens,
315 724 366 756 et,
396 723 434 748 ut
465 716 558 754 tales,
586 718 644 757 pei·
675 719 877 756 aperturam,
920 710 1031 754 majori
1065 710 1220 752 parabolae
1249 710 1401 747 incisam,
1427 710 1460 739 in

137 773 267 804 oculum
303 771 529 802 transmittens.
573 767 677 811 Hujus
710 765 914 797 instrumenti
949 763 1207 805 compositionem
1237 762 1459 798 filet-sannas,

136 826 218 857 circa
238 835 357 855 annum
380 823 465 854 1639
486 827 591 853 mente
608 826 704 862 atque
725 818 914 861 cogitatione
935 816 1086 854 effictam,
1108 826 1172 857 qno
1194 815 1299 845 minus
1320 814 1462 845 efficien-

138 878 209 908 dam
231 882 373 914 curaret,
401 874 527 905 nonnisi
548 872 743 915 argumentis
765 871 782 901 a
810 869 958 901 Cartesio
979 868 1027 898 illi
1048 866 1177 910 objectis
1185 891 1194 907 ‚
1220 867 1295 897 licet
1317 866 1405 898 haud
1418 867 1460 896 ita

136 928 267 962 verendi
287 933 391 958 essent
409 926 574 969 ponderis,
597 923 770 966 impeditus
793 922 890 953 fuisse
915 920 1054 952 videtur.

179 982 290 1012 Postea
319 979 394 1009 alias
422 977 582 1019 telescopii
607 975 770 1017 catoptrici
800 973 919 1016 species
948 972 1113 1015 proposuit
1137 972 1291 1002 Zalzm'ns
1313 971 1382 1013 (α),
1408 971 1463 1002 sed

136 1033 247 1065 eodem
272 1043 345 1063 cum
370 1036 511 1069 eventu,
541 1035 578 1061 ut
601 1028 721 1059 scilicet
743 1027 912 1068 hucusque
941 1025 979 1056 ad
1006 1036 1100 1056 unani
1125 1024 1297 1056 alteramve
1320 1023 1462 1055 efficien-

120 1085 206 1117 'dam
235 1096 330 1115 nemo
355 1083 406 1116 vel
429 1083 573 1125 animum
602 1081 654 1113 vel
679 1091 811 1111 manum
834 1077 994 1121 adjecerit.

180 1157 217 1189 C.
250 1156 506 1198 Telescopiorum
537 1153 856 1194 Catadioptricorum
885 1157 1006 1193 septem
1036 1156 1111 1181 sunt
1139 1150 1279 1192 species,
1322 1149 1459 1180 scilicet:

135 1209 380 1245 Hevelianum,
410 1207 673 1249 Iiugenianum,
721 1204 979 1246 Gregorianum,
1014 1203 1271 1234 Newtonicznum
1282 1225 1294 1239 ‚
1341 1202 1462 1232 Casse-

133 1263 350 1306 grainianam
358 1283 371 1297 ,
394 1260 645 1290 Lemairianzcm
664 1263 696 1289 et
716 1259 949 1299 Anonymum.

178 1325 203 1355 I.
241 1323 465 1365 Telescopium
490 1321 737 1356 Hevelianum,
767 1320 936 1350 inventum
968 1318 1099 1349 Gedani
1124 1328 1210 1348 anno
1237 1317 1342 1356 1637,
1376 1315 1461 1358 quod

135 1384 246 1410 auctor·
270 1378 337 1420 ipse
361 1376 501 1406 breviter
528 1375 571 1405 sie
594 1372 761 1404 describit:
785 1372 832 1415 (b)
872 1371 965 1402 »Hic
995 1369 1093 1401 tubus
1124 1375 1189 1400 tam
1215 1380 1254 1399 ex
1279 1368 1459 1410 catoptricis

137 1442 156 1462 ))
179 1442 275 1473 quam
297 1428 459 1471 dioptricis
483 1432 612 1469 paratur
639 1425 873 1464 fundamentis,
902 1423 1021 1455 etenim
1051 1421 1175 1453 duobus
1199 1421 1337 1464 speculis
1361 1421 1462 1463 planis

136 1495 155 1514 ))
180 1489 212 1514 et
234 1482 361 1525 gemino
381 1484 460 1512 vitro
485 1479 654 1521 dioptrico,
681 1489 822 1509 concavo.
839 1477 991 1507 nimirum
1014 1481 1046 1506 et
1070 1486 1230 1513 convexo,
1255 1473 1406 1505 constat.’'

180 1536 237 1567 Hae
259 1541 363 1577 partes
385 1545 420 1564 ea
441 1533 580 1570 ratione,
606 1542 700 1574 quam
717 1531 785 1573 fig.
810 1530 840 1570 4.
867 1528 1018 1568 ostendit,
1042 1528 1126 1559 inter
1150 1539 1182 1558 se
1203 1539 1353 1558 connexae
1373 1533 1458 1558 sunt.

137 1588 248 1619 Tubus
276 1587 379 1626 ABD,
410 1585 447 1616 ad
479 1585 504 1614 Β
534 1584 573 1615 ad
600 1584 755 1626 angulum
781 1589 905 1614 rectum
931 1581 1068 1613 inflexus
1094 1581 1133 1612 ad
1164 1582 1190 1611 l)
1217 1586 1316 1623 gestat
1341 1580 1458 1611 lentem

137 1652 328 1678 convexam,
348 1639 385 1670 ad
404 1639 428 1669 A
446 1649 520 1670 vero
535 1648 721 1675 concavam,
743 1647 814 1678 quae
834 1634 951 1679 junctae
970 1633 1177 1677 telescopium
1198 1634 1363 1663 scenicum
1383 1643 1459 1662 eon-

137 1695 285 1725 stituunt.
309 1692 356 1723 Ut
379 1692 477 1734 igitur
498 1690 611 1721 oculus
638 1689 685 1728 O,
707 1694 849 1720 extremo
875 1688 902 1718 A
924 1687 1069 1718 admotus
1092 1692 1124 1717 et
1146 1685 1323 1717 secuudum
1355 1685 1458 1716 direc-

136 1747 273 1785 tionem,
300 1746 350 1776 aai
372 1744 441 1775 tubi
464 1742 642 1775 verticalem
657 1765 668 1781 ,
698 1741 932 1783 introspicienS,
965 1739 1080 1783 objecti
1100 1739 1270 1781 imaginem
1296 1738 1458 1780 percipere

136 1799 252 1841 possit,
278 1797 317 1828 ad
342 1796 496 1839 angulum
521 1795 546 1825 Β
571 1794 755 1826 immittitur
776 1793 948 1836 speculum<
964 1793 1096 1835 planum
1118 1791 1330 1829 metallicum,
1361 1789 1458 1832 probe

137 1851 318 1893 laevigatum
335 1856 368 1880 et
387 1849 426 1880 ad
447 1859 537 1880 axem
553 1847 612 1879 sub
632 1847 749 1891 angulo
769 1846 934 1877 semireeto
950 1845 1155 1885 inclinatum,
1179 1844 1294 1887 quibus
1317 1843 1458 1886 pai-tibus

197 1972 243 2001 (η)
259 1970 330 1994 Oculi
347 1969 501 1999 Artificiasss,
519 1970 556 1993 ed.
577 1971 610 1994 ll.
629 1969 806 2001 Norimbergae,
827 1977 883 1997 ¹70²
896 1986 905 1997 ,
922 1976 946 1999 p.
967 1958 1020 1999 598¹.

196 2010 241 2040 (b)
257 2009 453 2041 Selaeuographia.
472 2008 580 2038 Cedant,
601 2009 666 2039 1647.
687 2008 820 2039 Prolegom.
839 2016 863 2038 p.
883 2008 919 2031 26.
