1809 2469
914 223 1027 266 (62)

309 297 578 330 observationibus
607 296 704 339 vulgo
731 295 889 335 adhibita,
917 307 1032 338 porr0,
1057 296 1180 338 singula
1208 296 1276 327 liaec
1306 297 1473 339 telcscopia
1500 299 1540 328 ita
1567 309 1632 329 esse

307 352 481 389 elaborata,
508 357 544 382 ut
568 350 655 381 nulla
678 350 799 381 ratione
820 348 934 380 cedant
953 349 1217 390 praestantissimis
1241 350 1273 379 in
1301 349 1360 380 hoc
1387 361 1504 391 genere
1527 352 1633 393 operi-

308 405 382 444 bus,
414 404 694 435 celeberrimorum
719 403 820 434 omnis
848 403 906 434 tevi
937 402 1094 432 artificum
1123 401 1228 432 studio
1257 402 1394 441 effectis,
1424 403 1631 434 sustentaculi

309 469 381 488 vero
403 468 606 500 compagem,
631 457 850 499 simplicitate,
868 454 1107 492 commoditate,
1127 454 1282 485 soliditate
1299 455 1521 497 elegantiaque
1539 456 1633 498 longe

307 523 456 554 superare
478 523 530 549 ea,
551 522 622 554 quae
640 511 679 541 ad
695 511 783 541 hunc
800 520 900 551 usque
919 508 1002 538 diem
1023 519 1079 550 pro
1096 507 1367 538 excellentissimis
1385 508 1417 538 in
1441 508 1499 538 hoc
1516 519 1632 550 genere

307 565 455 595 aestimata
477 565 679 605 maximoque
703 563 806 605 pretio
826 567 955 604 pensata
982 562 1124 598 fuerant,
1149 562 1173 590 si
1194 566 1345 602 praeterea
1368 572 1476 592 secum
1501 567 1633 604 reputa-

307 620 408 656 verit,
435 618 557 648 dimidii
582 617 681 647 seculi
706 615 908 647 intervallum
939 614 1146 656 praeteriisse,
1184 620 1356 656 antequam
1386 614 1547 656 telescopii
1583 614 1631 646 vel

313 671 511 713 Gregoriani
545 670 595 702 vel
626 669 841 700 Newtom'smi
867 668 1059 698 constructio
1087 666 1126 696 ad
1155 677 1230 697 eum
1262 667 1468 709 perfectionis
1497 667 1632 709 gradum

305 725 551 767 perduceretur,
575 734 638 764 quo
658 722 819 764 capiendis
838 719 1109 750 observationibus
1128 721 1293 750 commode
1314 720 1457 751 adhiberi
1477 722 1630 762 potuerit,

305 784 336 808 et
359 777 493 815 horum,
530 775 832 818 perfectissimorum
863 773 1045 815 quondam,
1076 773 1364 803 instrumentorum
1395 773 1631 812 sustentacula,

307 831 356 862 tel
377 830 523 860 omnibus
550 829 611 859 illis
635 828 834 870 augmentis,
859 837 931 868 quae
955 826 1171 856 recentissima
1196 831 1269 856 zetas
1289 825 1418 856 illorum
1443 826 1633 868 perfectioni

304 884 437 928 adjecit,
469 884 501 913 in
527 881 702 913 subsidium
730 881 867 917 vocatis,
895 879 985 911 nullo
1014 879 1106 910 modo
1133 880 1309 922 comparari
1337 890 1442 922 posse,
1471 891 1544 910 cum
1572 890 1631 919 eo,

306 949 368 981 quo
388 943 531 968 nostrum
559 936 765 977 telescopium
785 936 977 965 instructum
1002 939 1049 964 est
1073 933 1212 974 denique
1238 933 1469 971 maximorum,
1494 943 1633 974 quorum

306 997 410 1021 nostra
433 995 505 1020 aetas
524 989 792 1019 constructionem
814 987 931 1018 absolvi
957 987 1051 1025 vidit,
1083 986 1328 1028 telescopiorum
1351 987 1566 1017 sustentacula
1588 987 1633 1029 (²4)

305 1043 421 1074 infiniti
442 1043 569 1073 numeri
587 1040 801 1071 trochlearum
813 1064 821 1079 ,
839 1039 1080 1078 rec-humorum,
1108 1039 1317 1078 chordarum,
1338 1041 1484 1078 restium,
1502 1040 1632 1070 funium

306 1096 543 1133 ductariorum,
571 1100 632 1124 etc.
663 1094 749 1124 tricis
775 1099 871 1135 atque
897 1092 1133 1134 impedimentis
1166 1092 1215 1123 vel
1243 1093 1361 1135 magis,
1394 1104 1489 1134 quam
1516 1103 1631 1124 navem

305 1151 498 1187 onerariam,
517 1147 676 1189 implicata
693 1153 789 1188 atque
807 1144 957 1188 perplexa
975 1145 1129 1183 inveniri,
1149 1145 1243 1184 adeo,
1264 1151 1301 1176 ut
1319 1146 1459 1187 primum
1478 1147 1633 1177 intuentis

305 1205 448 1234 animum
470 1202 600 1232 horrore
626 1199 764 1242 quodam
787 1198 979 1241 percellant,
1006 1209 1080 1229 eum
1107 1199 1159 1230 vix
1186 1199 1326 1241 aliquam
1351 1201 1533 1241 argumenti
1559 1211 1632 1242 spe—-

305 1258 386 1287 ciem
405 1260 610 1297 reperturum
632 1252 836 1291 confidimus,
861 1263 955 1295 quam
975 1258 1090 1283 nostrae
1108 1254 1273 1284 sententiae
1291 1252 1434 1297 objiciat,
1454 1253 1532 1284 dum
1549 1264 1633 1285 asse-

307 1311 422 1348 rimus,
455 1314 492 1339 ut
516 1308 684 1350 quisquam
711 1305 829 1336 audere
855 1307 971 1348 possit,
999 1317 1079 1348 opus
1103 1312 1148 1336 tot
1172 1306 1355 1337 nominibus
1380 1307 1505 1348 insigne
1534 1313 1632 1349 atque

305 1363 464 1395 excellens
490 1361 584 1392 dente
612 1359 766 1390 maledico
793 1370 922 1401 carpere
948 1358 1083 1403 ejusque
1111 1359 1260 1390 laudibus
1290 1360 1411 1390 meritis
1443 1360 1632 1401 detrahere,

305 1416 457 1460 majorem
479 1421 564 1446 certe
585 1413 705 1455 requiri
729 1413 943 1455 perversitatis
964 1419 996 1443 et
1017 1412 1233 1443 obstinationis
1254 1414 1286 1443 in
1312 1413 1499 1456 respuendis
1523 1414 1633 1456 patriis

305 1469 453 1513 operibus
475 1479 568 1510 supra
589 1466 754 1509 vulgarem
781 1466 910 1497 modum
934 1478 1116 1506 excessum,
1143 1478 1239 1509 quam
1261 1468 1294 1497 in
1320 1468 1434 1498 nostris
1457 1467 1632 1499 artificibus

305 1522 526 1566 requirebatur
547 1521 667 1563 ingenii
695 1526 791 1562 atquc
813 1520 947 1551 solertiae
969 1532 1064 1563 supra
1087 1520 1252 1561 vulgarem
1274 1520 1405 1551 modum
1427 1522 1630 1562 praestantia,

306 1583 343 1608 ut
361 1582 454 1607 tantae
475 1574 679 1617 perfectionis
700 1584 779 1615 opus
798 1574 862 1604 suis
878 1573 1024 1604 manibus
1043 1573 1194 1605 effectum
1215 1572 1304 1603 nobis
1325 1572 1476 1604 exhibere
1493 1579 1630 1616 possent.

348 1630 422 1661 Haec
443 1635 533 1668 sunt,
557 1639 628 1670 quae
651 1627 689 1658 de
712 1626 879 1669 telescopio
900 1627 1124 1663 Rienksicvw,
1153 1626 1224 1656 data
1247 1626 1306 1656 hac
1327 1626 1506 1665 occasione,
1524 1626 1632 1658 divul-

352 1743 385 1772 (*)
402 1742 427 1764 Si
445 1740 498 1771 quis
517 1740 578 1762 forte
598 1739 703 1766 dixerit,
723 1739 912 1761 sustentaculum
933 1740 1115 1762 litent-sianum
1133 1746 1183 1761 non
1198 1746 1245 1761 esse
1266 1737 1380 1760 idoneum
1399 1737 1531 1767 telescopiis
1549 1741 1631 1759 nostro

307 1782 453 1811 majoribus,
479 1781 498 1802 is
518 1788 542 1802 re
563 1784 633 1810 atque
656 1783 744 1801 eventu
762 1779 861 1807 jamjam
881 1779 1000 1802 refutatus
1019 1785 1060 1803 est.
1087 1779 1182 1808 Quippe
1205 1785 1269 1800 anuo
1296 1777 1351 1800 1823
1374 1777 1445 1807 Regis
1469 1776 1632 1807 angustissimi

306 1821 445 1848 clementia,
465 1819 633 1842 observatorio
651 1818 779 1840 academice
796 1817 1024 1848 Lugduno-Batavae
1040 1819 1104 1841 dono
1122 1817 1189 1840 dedit
1211 1816 1363 1846 telescopium
1380 1816 1410 1838 ab
1430 1815 1515 1838 iisdem
1534 1815 1633 1838 artifici-

308 1862 350 1884 bus
368 1860 499 1883 secuudum
515 1859 617 1881 eundem
636 1863 723 1888 typum
738 1861 915 1885 constructum,
937 1859 1005 1887 cujus
1025 1859 1107 1886 tubus,
1131 1857 1250 1880 diametro
1271 1856 1330 1878 duos
1350 1855 1397 1878 fere
1416 1856 1487 1886 pedes
1511 1855 1632 1878 rhenauos

307 1901 453 1931 adaequaus,
476 1899 629 1930 longitudine
651 1897 763 1921 tredecim
783 1904 865 1919 eorum
888 1902 1000 1927 superat,
1025 1899 1140 1927 cujusque
1160 1903 1339 1927 quaquaversus
1363 1895 1479 1918 movendi
1504 1894 1629 1922 facilitas,

307 1943 362 1966 ticet
376 1942 498 1972 speculum
517 1940 596 1970 majus
612 1939 726 1962 ducentas
744 1938 791 1960 sere
808 1937 881 1960 libras
897 1938 1001 1967 pondere
1016 1938 1136 1968 adaequet,
1156 1944 1206 1959 non
1221 1940 1256 1958 est
1271 1935 1371 1958 inferior
1387 1943 1427 1964 ea,
1447 1943 1519 1966 quam
1533 1935 1562 1957 de
1577 1942 1631 1956 nos-

309 1988 344 2005 tro
360 1982 526 2012 praedicamus.
546 1980 576 2003 Et
591 1981 709 2006 alterum,
727 1982 776 2000 tam
795 1978 989 2007 constructione,
1011 1985 1084 2009 quam
1102 1977 1186 2000 effectu
1199 1994 1205 2005 ,
1228 1975 1284 1998 huic
1303 1975 1403 1998 omuino
1420 1975 1512 2005 aequale
1524 1993 1529 2003 ‚
1551 1982 1631 1997 mense

307 2024 371 2046 lulio
389 2022 448 2045 anni
468 2021 522 2043 1825
540 2020 602 2042 inter
616 2018 722 2049 plurima
737 2017 785 2040 alia
800 2016 920 2040 artificum
939 2018 1018 2041 omnis
1035 2018 1127 2048 generis
1144 2024 1216 2047 opera
1233 2016 1323 2039 eximia
1339 2016 1449 2039 Harlemi
1467 2015 1564 2046 publico
1577 2022 1632 2038 exa·

308 2063 370 2087 utini
386 2062 522 2093 expositum
538 2059 595 2084 fuit.
