1809 2469
915 242 927 284 (
954 242 995 282 14
1019 242 1032 284 )

309 320 407 364 priori
428 325 475 350 est
496 316 737 360 anteponenda,
764 321 877 358 utpote
904 326 977 358 quae
999 315 1176 347 minoribus
1198 315 1439 348 difficultatibus
1461 323 1643 360 prematur,

308 384 415 417 neque
440 372 518 403 adeo
539 370 699 402 erroribus
724 370 960 401 committendis
985 370 1290 413 experimentatores
1314 376 1465 413 exponat.
1493 371 1644 403 Attamen

309 428 415 459 ambas
441 426 537 457 simul
562 425 735 464 adhibere,
765 430 797 455 et
827 424 941 466 prioris
970 423 1113 455 methodi
1138 435 1197 467 ope
1224 423 1430 467 comprobare
1455 425 1559 456 exitus
1586 436 1644 467 per

308 480 480 512 secundam
502 478 645 510 obtentos
662 477 929 520 sapientissimum
952 476 1032 507 mihi
1049 476 1177 509 videtur
1197 478 1378 509 consilium.
1402 477 1534 509 Certum
1553 484 1646 510 estet

309 539 430 566 constat
445 543 600 575 organum
619 531 863 574 encephalicum
875 530 924 561 uti
938 531 1044 561 omnia
1060 542 1176 574 organa
1193 531 1270 571 alia,
1287 532 1376 575 sequi
1392 532 1644 575 progressionem

307 587 499 621 evolutionis
520 585 836 628 complicationisque
864 584 1097 627 propemodum
1125 585 1326 628 regularem,
1354 586 1388 616 in
1413 586 1494 616 serie
1520 586 1645 617 anima-

307 642 388 673 lium
411 639 684 678 vertebratorum3
703 637 849 680 illudque
870 638 948 669 dum
967 649 1034 669 sese
1055 638 1174 670 evolvit
1194 640 1227 670 in
1246 639 1329 670 foetu
1348 639 1508 679 humano,
1530 639 1645 682 grada-

308 697 364 727 tim
383 694 519 726 induere
540 692 721 736 complures
739 692 874 732 formas,
898 692 971 735 plus
996 693 1105 724 minus
1125 692 1298 735 perfectas,
1322 704 1394 736 quae
1419 693 1504 736 apud
1530 699 1644 724 caetera

307 748 472 787 animalia,
497 747 613 790 gradus
636 746 804 777 inferiores
826 745 917 777 scalae
938 746 1030 789 regni
1054 745 1199 776 animalis
1221 746 1427 789 occupantia,
1450 751 1483 777 et
1508 745 1548 777 ad
1574 746 1645 789 ple-

307 803 428 834 nariam
451 812 543 832 suam
561 799 778 832 evolutionem
807 799 885 831 dum
906 800 975 831 haec
996 800 1222 843 pervenerint,
1246 800 1465 843 reperiuntur.

351 857 493 899 Systema
514 864 670 886 nerveum
695 854 729 884 in
751 864 869 896 genere
891 860 923 885 et
945 854 1108 896 praecipue
1131 865 1229 884 massa
1251 853 1456 896 eucepbalica
1476 853 1510 884 in
1532 853 1644 897 primis

308 911 379 941 xilae
399 908 594 951 temporibus
615 919 748 938 summae
770 914 846 938 sunt
870 907 1046 939 teneritatis
1068 913 1100 938 et
1119 907 1280 946 mollitiei3
1309 906 1515 939 memorabile
1534 913 1644 938 tamen

307 970 368 1002 est,
392 962 478 1005 quod
499 973 563 992 non
584 960 728 992 obstante
748 960 845 992 hacce
867 953 1021 1000 mollitie,
1048 961 1168 1003 optime
1187 960 1404 1004 distinguatur
1427 966 1554 992 textura
1574 959 1644 1004 ejus

306 1016 417 1048 librosa
448 1016 496 1046 uti
522 1014 603 1045 illud
632 1014 802 1044 clarissime
827 1013 1056 1050 demonstravit
1080 1013 1216 1043 Petsche
1240 1013 1299 1054 (1).
1344 1013 1421 1044 Haec
1448 1019 1517 1044 tum
1545 1013 1644 1044 aetatis

306 1070 407 1113 magis
427 1073 559 1111 apparet
575 1078 671 1110 quam
688 1067 722 1097 in
737 1073 830 1098 aetate
848 1066 975 1106 adulta,
994 1065 1153 1105 absolute,
1171 1066 1220 1097 uti
1240 1066 1274 1096 in
1296 1065 1452 1108 piscibus,
1474 1066 1643 1097 manifesta

307 1130 354 1156 est
374 1124 406 1154 in
430 1120 576 1165 pluribus
596 1119 717 1151 cerebri
737 1119 900 1163 partibus,
919 1120 1039 1162 absque
1058 1130 1096 1150 eo
1119 1125 1157 1151 ut
1172 1130 1375 1150 recurramus
1392 1119 1432 1150 ad
1457 1121 1643 1162 quempiam

307 1175 502 1208 artificialem
532 1173 663 1205 modum
689 1178 727 1204 ut
747 1172 903 1203 sensibilis
927 1172 1091 1204 reddatur.
1119 1171 1180 1203 Sed
1204 1183 1270 1203 non
1291 1178 1338 1203 est
1357 1173 1392 1203 in
1415 1173 1522 1203 animo
1549 1184 1643 1204 men-

307 1232 426 1262 tionem
448 1229 553 1259 facere
575 1227 614 1258 de
634 1225 782 1257 omnibus
800 1226 862 1257 illis
884 1225 1167 1269 disputationibuS,
1189 1237 1264 1269 quae
1285 1226 1325 1257 de
1347 1237 1456 1257 massae
1479 1226 1643 1269 encepha-

306 1285 377 1315 licae
401 1281 561 1313 structura
585 1286 617 1311 et
640 1279 770 1311 textura
792 1279 929 1311 fuerunt
951 1279 1102 1323 prolatae,
1127 1280 1250 1323 quippe
1269 1291 1341 1323 quae
1359 1280 1455 1311 nimis
1475 1291 1531 1311 nos
1552 1291 1642 1312 amo-

307 1342 419 1369 verent
444 1347 460 1367 a
484 1334 569 1366 meta
589 1332 679 1365 nobis
700 1332 870 1376 proposita.

777 1466 919 1498 CAPUT
964 1466 1168 1498 TERTIUM.

424 1573 736 1604 PROPRIETATES
777 1573 992 1602 SPECIALES
1033 1573 1172 1601 MASSAE
1214 1572 1517 1601 ENCEPHALICAE.

350 1686 454 1717 Variae
476 1684 659 1716 substantiae
681 1694 753 1726 quae
773 1694 906 1714 massam
927 1682 1166 1726 encephalicam
1186 1682 1403 1721 constituunt,
1424 1693 1488 1713 non
1507 1682 1640 1714 fortuito

308 1745 339 1771 et
360 1738 478 1781 absque
501 1737 567 1769 ullo
585 1736 697 1767 ordine
714 1736 748 1766 in
771 1736 906 1767 cavitate
926 1736 1025 1767 cranii
1046 1735 1311 1775 disseminantur,
1337 1735 1379 1766 ita
1399 1740 1436 1765 ut
1455 1734 1639 1767 indistincte

305 1794 359 1825 hic
380 1803 458 1823 rarae
479 1792 558 1830 sint,
579 1789 623 1820 ibi
641 1789 765 1827 ninltae,
781 1788 856 1819 alibi
877 1789 910 1819 in
930 1800 1062 1820 massam
1083 1789 1249 1821 confusam
1270 1793 1478 1827 coacervatae,
1502 1794 1564 1819 etc.
1584 1789 1641 1820 Ast

307 1847 469 1879 adfectant
497 1844 613 1875 formas
635 1842 812 1886 peculiares
837 1848 869 1873 et
893 1842 1033 1875 offerunt
1057 1842 1300 1874 multitudinem
1326 1852 1538 1884 organorum,
1568 1853 1639 1885 quae

307 1901 413 1932 omnia
434 1897 667 1941 compositionis
687 1902 720 1928 et
738 1902 907 1928 structurae
921 1896 980 1927 sibi
996 1897 1132 1939 propriae
1149 1901 1238 1935 sunt,
1257 1900 1288 1926 et
1304 1889 1379 1937 vquae
1400 1900 1639 1938 componuntnr

307 1967 346 1987 ex
371 1953 552 1986 substantiis
575 1951 813 1994 dispositionem
836 1957 1032 1983 constantem
1058 1956 1092 1982 et
1116 1959 1241 1981 summe
1265 1947 1448 1991 regularem
1472 1948 1639 1979 offerenti-

366 2069 410 2098 (1)
427 2067 522 2099 Synog.
539 2067 589 2092 obs.
607 2070 674 2091 anat.
691 2066 785 2096 select„
805 2073 860 2097 pag.
878 2066 917 2089 55.
933 2069 990 2089 sect.
1007 2064 1045 2095 76.
1065 2063 1161 2094 Haliae,
1185 2064 1251 2094 1736.
