1809 2469
557 517 1068 559 PROOEMIUM.

200 1119 353 1160 Quaestio
382 1130 405 1150 α
432 1118 661 1150 Nobilissima
685 1117 871 1150 Medicinae
894 1119 1094 1157 Facultate,
1119 1131 1197 1162 quoe
1222 1122 1257 1152 in
1287 1122 1488 1155 Academia

157 1182 375 1214 Gandavensi
385 1181 506 1225 floret,
535 1179 604 1223 qud
620 1181 805 1223 quaeritur:
821 1181 910 1221 Quid
926 1183 967 1213 sit
982 1182 1180 1215 censendum
1199 1183 1239 1215 de
1261 1184 1383 1228 duplici
1403 1186 1487 1219 Ner—

152 1256 267 1278 vorum
291 1243 583 1286 Encephalicorum
602 1242 731 1283 orAEne,
755 1255 894 1286 quorum
914 1244 994 1276 alter
1015 1245 1055 1277 ad
1078 1257 1202 1287 sensus,
1224 1247 1304 1280 alter
1324 1249 1364 1280 ad
1381 1257 1488 1282 motus

150 1307 313 1350 pertinere
335 1305 499 1345 ereditur,
534 1306 678 1347 quaestio
702 1312 770 1343 est,
803 1307 860 1337 eui
880 1309 1076 1350 respondere
1101 1322 1153 1341 res
1179 1317 1231 1342 est
1254 1324 1319 1343 non
1335 1313 1485 1356 facilis,

151 1371 277 1413 quippe
299 1380 374 1400 cum
395 1369 532 1412 longum
550 1374 679 1410 tempus
686 1390 699 1405 ,
726 1379 953 1412 magnumque
977 1372 1124 1416 laborem
1147 1375 1299 1416 requirat
1321 1376 1370 1406 ad
1387 1377 1490 1407 insti-

151 1432 277 1464 tuenda
303 1432 529 1473 experimenta
553 1441 693 1461 summoe
715 1431 947 1474 difficultatis,
973 1446 1069 1476 quae,
1091 1442 1129 1466 ut
1144 1436 1216 1467 haeo
1240 1438 1406 1476 solvatur,
1429 1451 1489 1470 ne-

151 1495 302 1526 cessaria
324 1499 414 1525 sunt.
444 1493 537 1525 Certe
562 1505 613 1525 res
621 1516 633 1531 ,
662 1505 740 1536 quoe
764 1495 942 1527 tractanda
960 1499 1179 1539 proponitur,
1205 1512 1317 1532 omnes
1342 1503 1490 1534 omnium

152 1562 335 1598 temporum
356 1555 585 1599 Physiologos
605 1558 785 1598 occupavit
792 1571 806 1596 ,-
830 1564 888 1589 ast
910 1560 1041 1603 absque
1063 1574 1100 1593 eo
1127 1569 1166 1594 ut
1186 1564 1273 1595 lianc
1299 1566 1391 1604 alte,
1420 1568 1491 1608 qud

151 1619 381 1651 obducebatur
403 1620 570 1662 caligine,
599 1620 741 1652 liberare
758 1624 943 1664 potuerint.
966 1625 1176 1659 Incertitudo
1202 1640 1279 1671 quoe
1306 1641 1436 1672 semper
1456 1632 1491 1661 in

152 1683 311 1715 omnibus⁴
329 1684 495 1714 institutis
517 1685 773 1725 experimentis,
798 1687 1137 1731 conclusionibusque
1158 1701 1199 1721 ex
1224 1692 1295 1722 illis
1317 1692 1487 1730 deductis,

152 1746 356 1783 inhaerebat,
391 1758 456 1777 non
480 1747 556 1778 sola
581 1754 650 1786 est,
677 1760 755 1791 quae
781 1750 835 1780 liic
864 1752 1057 1793 superanda
1084 1759 1175 1791 erat,
1210 1754 1403 1797 difficultas.
1443 1757 1492 1787 Et

154 1810 292 1853 quidem
314 1811 386 1841 hoec
413 1811 565 1843 scientiae
584 1824 667 1854 pars
695 1813 839 1853 majores
865 1821 951 1847 certe
973 1828 1175 1859 progressus
1207 1818 1431 1856 obtinuisset,
1459 1821 1491 1850 si

155 1874 191 1905 in
215 1872 293 1916 fere
318 1874 470 1905 omnibus
499 1875 590 1906 hisce
620 1877 854 1918 experimentis
888 1884 922 1910 et
949 1879 1257 1921 disputationibus,
1290 1894 1355 1912 non
1381 1882 1490 1912 solum

154 1938 407 1979 systematicam
432 1938 528 1969 illam
547 1942 803 1982 propensionem
827 1948 861 1973 et
893 1942 1119 1975 adlioesionem
1150 1946 1275 1976 missas
1295 1945 1487 1988 fecissent,

154 2011 268 2033 verum
295 2002 399 2033 etiam
434 2003 590 2035 miseram
619 2005 706 2037 hanc
741 2007 928 2048 opinionem
969 2007 1203 2049 deposuissent
1236 2009 1487 2046 observatores,
