1809 2469
794 236 883 279 (9)

166 308 214 340 Ct.
239 308 408 340 Blainville
431 308 527 341 idaeas
548 309 615 340 illas
634 310 794 351 systemati
818 319 936 340 nerveo
963 309 1100 340 hominis
1121 311 1299 353 applicans,
1320 312 1401 344 illud
1421 324 1501 355 sup—

120 398 124 400 *
165 364 257 406 ponit
274 363 363 405 quasi
385 374 422 394 ex
443 369 534 406 parte
553 362 659 404 aliqua
679 362 812 392 centrali
829 368 989 400 constans,
1012 374 1128 406 nempe
1148 376 1185 395 ex
1207 366 1347 397 medulla
1368 366 1497 408 spinali,

164 416 204 448 ad
226 415 318 460 cujus
336 418 551 463 extremitates
570 421 602 447 et
616 415 713 446 latera
734 415 942 457 reperiuntur
958 416 1083 458 ganglia
1104 418 1263 449 variarum
1280 419 1497 451 functionum.

164 470 213 501 Ad
236 471 471 501 extremitatem
498 469 567 513 ejus
588 470 787 511 superiorem
811 474 843 500 et
873 480 912 499 ex
939 475 1075 511 utroque
1106 470 1204 501 latere
1228 471 1321 502 lineae
1346 473 1501 504 medianae

165 524 318 566 corporis,
333 523 546 554 inveniuntur
556 528 678 565 septem
696 521 836 565 ganglia,
857 533 990 553 massam
1003 523 1241 566 encephalicam
1258 527 1499 567 constituentia,

165 588 302 620 quorum
326 576 385 607 alia
402 575 608 607 facultati-bus
624 576 910 615 intellectualibus,
933 576 992 607 alia
1012 577 1168 616 sensibus,
1190 577 1249 609 alia
1267 579 1405 611 motibus
1426 592 1500 622 par—

164 630 292 661 tialibus
310 631 437 672 capim,
459 630 518 661 alia
537 629 758 661 functionibus
778 627 940 672 digestivis
959 637 990 661 et
1007 632 1214 674 respiratoriis
1236 633 1427 665 inserviunt.
1452 635 1500 666 Ex

163 691 302 727 utroque
320 684 418 715 latere
441 684 592 715 medullae
613 684 742 726 spinalis
753 684 929 716 offenditur
949 686 1044 716 series
1066 686 1200 717 aliorum
1221 687 1439 729 gangliorum,
1461 700 1501 720 ex

164 738 281 781 quibus
302 744 423 769 exeunt
443 738 535 770 nervi
559 738 716 780 spinales3
742 737 871 769 tandem
898 738 931 768 in
957 738 1144 770 cavitatibus
1169 739 1384 782 splanclinicis
1403 753 1499 785 repe-

164 794 295 824 riuntur
316 793 442 835 ganglia
466 792 687 823 functionibus
709 793 870 824 nutritivis
891 793 1035 835 praefixa,
1059 804 1131 835 quae
1149 805 1247 836 prope
1267 805 1363 825 ven-as
1383 795 1501 827 decur-

165 852 257 885 runt,
280 852 312 877 et
331 847 403 877 vitae
424 847 610 888 vegetativae
627 847 752 888 organis
773 846 917 878 surculos
937 858 1071 879 nerveos
1089 847 1247 890 praebent3
1267 848 1333 879 huc
1349 849 1501 881 referun-

165 906 219 930 tur
242 899 367 942 ganglia
390 899 532 930 cardiaca
552 900 587 930 in
614 911 690 931 cavo
716 900 853 932 thoracis
880 907 911 932 et
932 901 1046 944 plexus
1075 901 1283 933 semilunares
1305 903 1339 933 in
1361 904 1498 935 cavitate

165 952 368 984 abdomiuali.
392 953 517 984 Nervus
543 953 828 994 trisplanchnims,
846 955 903 985 -cui
925 954 1009 985 idem
1033 966 1109 985 usus
1130 954 1331 998 adsignatur,
1354 967 1451 999 quem
1471 959 1500 989 ei

164 1005 227 1047 jam
247 1011 321 1036 ante
339 1005 512 1035 Bichatum
531 1005 730 1044 tribuebant,
750 1016 869 1037 nervus
895 1011 942 1036 est
963 1006 1174 1037 intermedius
1195 1008 1280 1038 inter
1300 1020 1409 1040 omnes
1431 1010 1500 1042 illos

164 1063 351 1100 apparatus,
376 1058 433 1100 qui
455 1057 633 1089 destinatur
658 1058 697 1090 ad
720 1060 1043 1090 communicationem
1072 1059 1217 1091 alendam
1248 1062 1333 1093 inter
1361 1075 1440 1094 unos
1468 1071 1500 1096 et

164 1111 277 1142 alteros
297 1111 425 1142 illorum
452 1118 684 1154 apparatuum:
711 1123 806 1144 verus
829 1118 876 1143 est
897 1123 1016 1143 nervus
1037 1113 1298 1155 sympatheticus.

207 1165 376 1196 Pluralitas
401 1175 476 1207 ergo
503 1171 710 1208 systematum
736 1176 927 1197 nerveorum
955 1166 1049 1197 hodie
1077 1167 1269 1209 generaliter
1295 1169 1496 1213 admittitur3

163 1219 341 1262 physiologi
366 1218 515 1249 nonnulli
539 1219 624 1250 inter
646 1230 713 1250 sese
737 1219 959 1250 tantummodo
985 1219 1176 1252 dissentiunt
1202 1233 1259 1264 pro
1284 1224 1497 1266 applicatione

163 1272 261 1314 hujus
280 1273 457 1303 sententiae.
482 1272 595 1304 Modus
617 1272 852 1315 explicationiS,
875 1284 972 1315 quem
994 1273 1041 1304 Cl.
1064 1273 1233 1306 Blainville
1254 1279 1436 1320 proposuit,
1462 1281 1497 1311 in

162 1325 390 1357 considerando
410 1337 580 1368 magnum,
600 1326 657 1368 qui
677 1337 733 1357 nos
753 1332 904 1369 occupat,
924 1333 1128 1376 apparatum,
1149 1330 1263 1371 procul
1279 1330 1376 1362 dubio
1391 1334 1498 1364 omni-

162 1380 222 1411 bus
243 1377 327 1418 aliis'⁷
354 1379 420 1410 huc
449 1390 551 1422 usque
580 1380 761 1422 propositiS,
791 1386 837 1411 est
862 1382 1122 1424 anteponendus:
1152 1384 1272 1427 quippe
1297 1386 1353 1428 qui
1379 1388 1498 1429 optime

161 1433 313 1476 exprimit
330 1432 436 1475 legem
456 1432 638 1475 generalem
658 1432 757 1476 hujus
778 1434 1028 1476 organisationis.
1059 1437 1207 1469 Attamen
1231 1450 1341 1470 omnes
1360 1451 1497 1482 genera-

160 1486 234 1518 liter
255 1485 400 1517 nondum
418 1486 662 1529 amplectuntur
686 1485 784 1530 hujus
809 1489 979 1519 anatomici
1003 1491 1204 1522 sententiam.

204 1540 346 1582 Systema
371 1550 528 1573 nerveum
548 1541 726 1583 comparari
750 1547 854 1583 potest
881 1553 956 1572 cum
981 1543 1041 1574 reti
1062 1543 1196 1586 majori,
1220 1546 1312 1591 cujus
1334 1548 1496 1582 filamenta

159 1605 198 1625 ex
226 1593 398 1626 intervallo
429 1594 606 1626 minoribus
644 1593 824 1625 tumoribus
860 1594 1167 1639 interrumpuntur,
1203 1605 1236 1630 et
1271 1600 1496 1644 frequentibus

134 1642 138 1647 ¹
159 1646 503 1678 communicationibus
523 1648 704 1688 uniuntur,
727 1659 867 1691 quaeque
887 1660 954 1680 sese
979 1651 1158 1683 extendunt
1178 1664 1195 1683 a
1219 1654 1401 1697 peripheria
1423 1669 1496 1689 cor-

159 1701 244 1743 poris
265 1699 306 1731 ad
332 1711 446 1731 massas
467 1701 501 1732 in
523 1701 658 1734 cavitate
684 1703 784 1733 cranii
806 1708 839 1733 et
863 1703 898 1734 in
919 1704 1021 1735 canali
1042 1706 1192 1738 rachideo
1217 1715 1400 1751 contentas,
1426 1711 1495 1744 haec

159 1753 320 1785 filamenta
340 1754 436 1785 etiam
457 1753 516 1786 sub
532 1766 589 1786 suo
608 1754 747 1788 decursu
761 1768 897 1788 numero
917 1758 1134 1800 imminuunt,
1152 1760 1254 1805 majus
1274 1767 1382 1795 tamen
1399 1765 1496 1797 volu-

159 1818 252 1847 men,
276 1813 308 1838 et
328 1807 565 1851 dispositionem
585 1809 683 1852 magis
700 1810 866 1853 magisque
889 1813 1126 1854 symmetricam
1147 1816 1334 1858 acquirunt3
1356 1818 1390 1848 in
1411 1818 1493 1850 binis

159 1860 304 1905 partibus
319 1861 502 1894 lateralibus
523 1864 661 1906 corporis
678 1865 888 1907 proprietates
904 1865 1003 1910 hujus
1019 1869 1195 1910 systematis
1212 1871 1388 1903 manifestae
1406 1878 1492 1905 sunt.

158 1915 221 1961 l'er
244 1913 468 1947 excellentiam
490 1916 638 1948 sensibile
663 1923 733 1957 est,
763 1918 818 1950 sed
841 1918 880 1950 ad
906 1919 1022 1962 gradus
1052 1920 1278 1954 determinatos
1303 1929 1429 1965 tamen,
1461 1932 1494 1958 et

159 1980 217 2011 pro
239 1968 473 2001 conditionibus
493 1981 572 2013 quae.
584 1971 709 2003 variant
724 1983 782 2015 pro
802 1971 933 2005 diversis
954 1973 1024 2018 ejus
1046 1975 1189 2017 partibus
1214 1978 1491 2011 constituentibus.

159 2021 196 2053 In
220 2021 368 2054 omnihus
391 2023 611 2065 systematibus
632 2026 808 2069 organicis,
839 2027 1002 2071 praecipue
1028 2039 1068 2059 ex
1092 2028 1162 2073 ejus
1192 2031 1360 2064 existentia
1388 2032 1493 2066 dedu-

1148 2093 1168 2114 2
