1809 2469
749 215 860 256 (47)

188 295 220 325 Si
239 294 339 336 igitur
358 291 455 335 hujus
477 290 639 331 telescopii
660 287 737 319 tubo
763 286 802 316 ad
826 286 883 315 DE
912 290 1021 326 aperto
1041 284 1220 325 oppositum
1247 283 1286 312 sit
1311 280 1472 323 objectum

146 347 274 390 aliquod
300 345 422 378 visibile
448 345 494 375 SP
521 352 675 385 perquam
701 340 935 381 longinquum,
970 336 1050 368 radii
1079 335 1255 378 quemlibet
1284 333 1473 364 fasciculum

146 406 388 443 componentes,
414 410 431 430 e
452 397 594 440 quolibet
613 394 729 438 objecti
750 397 870 435 puncto
892 391 1059 429 emissum,
1082 400 1155 420 cum
1178 399 1217 419 ex
1238 386 1404 418 intervallo
1421 387 1474 415 in-

147 455 235 498 genti
252 454 398 491 veniant,
422 451 490 482 fere
514 448 657 492 paralleli
679 446 837 478 incidunt.
864 444 1036 475 Radiorum
1064 453 1138 473 vero
1160 440 1303 471 fasciculi
1324 450 1362 469 ex
1384 444 1475 469 utro-

147 518 211 550 que
243 506 358 549 objecti
392 509 535 535 extremo
566 501 738 544 progressi,
773 500 958 542 priusquam
990 497 1199 537 telescopium
1233 492 1474 536 ingrediantur,

147 571 213 591 sese
233 560 440 596 intersecant,
470 557 513 587 ita
538 561 576 586 ut
606 554 776 585 fasciculus
804 564 822 584 e
844 557 963 594 puncto
990 550 1009 579 S
1037 548 1188 592 prodiens
1211 551 1364 588 sequatur
1396 544 1479 574 viam

148 612 216 651 SG,
241 610 412 642 fasciculus
437 620 512 642 vero
537 619 554 639 e
578 614 699 650 puncto
720 608 745 638 P
767 607 917 643 emissus,
942 605 1027 636 viam
1049 603 1118 633 PH.
1142 602 1181 631 Hi
1201 600 1280 631 radii
1302 599 1395 629 hasce
1415 597 1479 627 vias

147 669 396 706 prosequentes,
435 661 616 704 usquedum
645 660 845 702 superficiem
879 656 1001 700 speculi
1030 654 1156 699 majoris
1184 654 1321 690 feriant,
1352 650 1390 681 ab
1420 650 1481 680 hoc

149 717 362 748 reflectuntur
387 720 616 757 convergentes
639 724 747 745 versus
771 713 869 754 ipsius
891 711 1015 748 focum,
1042 710 1076 739 in
1105 706 1187 750 quo,
1207 707 1335 737 absente
1360 702 1482 746 speculi

151 771 239 813 plani
260 769 442 808 obstaculo,
464 769 640 799 formarent
663 767 821 798 inversam
846 764 959 808 objecti
981 763 1152 804 imaginem
1168 771 1225 800 pS.
1252 758 1387 799 Excepti
1408 766 1483 787 vero

152 835 170 854 a
194 822 323 866 speculo
347 822 442 864 plano
466 833 524 863 ηιμ
544 821 583 851 ab
601 820 661 851 hoc
682 830 791 852 versus
812 819 931 849 lentem
957 816 1117 847 ocularem
1146 814 1173 843 ll
1193 814 1235 843 ita
1255 811 1484 847 reflectuntur,

152 882 207 915 ut,
233 876 289 917 qui
310 874 489 905 inciderant
510 874 544 904 in
568 885 599 903 m
620 873 776 903 uniantur
799 872 832 901 in
856 885 893 909 cr,
916 876 947 900 et
967 869 1024 911 qui
1043 867 1221 898 inciderant
1237 866 1271 895 in
1289 878 1313 906 μ
1331 863 1486 893 uniantur

155 931 190 960 in
206 942 232 962 71-
251 934 283 958 et
297 928 341 958 sic
361 927 503 957 forment
523 927 697 967 imaginem
716 925 828 967 objecti
851 938 915 962 σ-π,
940 933 1028 965 quae,
1049 933 1122 952 cum
1144 918 1271 961 specula
1290 917 1384 960 plana
1404 916 1487 946 circa

157 980 301 1012 ordinem
320 990 356 1010 ac
375 980 471 1009 situm
492 977 655 1008 radiorum
672 977 920 1015 lnminosorum,
940 986 1018 1017 quos
1034 973 1220 1010 reflectunt,
1241 970 1323 1001 nihil
1343 973 1485 1005 mutent,

153 1033 273 1080 pariter
306 1033 431 1062 inversa
461 1036 528 1069 est,
570 1036 666 1072 atque
697 1030 801 1071 imago
825 1040 870 1069 ps
909 1028 1064 1065 fuissent,
1102 1027 1127 1056 si
1156 1025 1309 1067 potuisset
1342 1020 1484 1052 formari.

155 1087 303 1128 Cumque
322 1085 391 1116 haec
409 1085 514 1126 imago
535 1085 569 1114 in
590 1084 657 1125 ipso
678 1081 772 1113 lentis
793 1081 927 1113 ocularis
942 1081 1013 1111 foco
1035 1079 1221 1121 effingatur‚
1248 1076 1347 1114 radii,
1372 1084 1488 1116 quem-

156 1139 235 1171 libet
258 1138 445 1169 fasciculum
467 1148 506 1168 ex
527 1136 638 1167 eodem
662 1135 777 1178 objecti
800 1140 922 1177 puncto
943 1133 1091 1164 emissum
1112 1132 1301 1168 formantes,
1320 1127 1487 1159 refractio—

156 1192 268 1231 nibus,
291 1202 370 1234 quas
389 1190 441 1221 vel
461 1190 615 1220 intrantes
634 1189 668 1219 in
688 1188 772 1218 hanc
791 1187 911 1218 lentem
935 1186 986 1217 vel
1003 1196 1041 1216 ex
1060 1185 1114 1215 illa
1136 1189 1290 1215 exeuntes
1309 1182 1486 1223 experiun-

158 1252 229 1284 tur,
260 1245 329 1275 fere
359 1242 502 1286 paralleli
533 1241 729 1279 redduntur,
762 1241 786 1270 ii
811 1250 908 1278 vero,
946 1239 1002 1281 qui
1027 1249 1045 1269 e
1070 1238 1200 1268 diversis
1223 1235 1338 1280 objecti
1363 1233 1491 1276 punctis

158 1299 312 1336 veniunt,
334 1306 444 1328 versus
464 1295 492 1325 O
510 1292 710 1336 convergunt
733 1297 765 1322 et
784 1292 818 1322 in
840 1292 900 1322 hoc
920 1296 1042 1334 puncto
1063 1301 1095 1321 se
1115 1291 1325 1326 intersecant,
1349 1287 1492 1328 adeoque

158 1352 192 1382 in
214 1349 324 1388 oculo,
345 1348 423 1380 huic
441 1353 562 1390 puncto
582 1347 729 1389 proxime
753 1345 896 1384 admoto,
918 1345 1025 1375 denuo
1045 1344 1217 1374 uniuntur.
1239 1341 1377 1373 Proinde
1393 1341 1427 1370 in
1445 1352 1493 1371 σπ-

162 1403 357 1445 conspicitur
380 1400 495 1444 objecti
521 1401 625 1442 imago
650 1398 857 1441 amplificata,
894 1397 976 1428 clara
1006 1408 1042 1428 ac
1066 1396 1234 1434 distincta,
1266 1394 1321 1425 sed
1345 1395 1468 1425 inversa
1483 1416 1491 1431 7

161 1462 292 1499 propter
316 1454 449 1486 eandem
478 1464 602 1484 causam
620 1477 628 1491 ,
662 1452 713 1483 cui
740 1451 818 1482 situs
850 1451 995 1483 inversus
1021 1450 1167 1492 imaginis
1194 1459 1252 1491 per
1280 1447 1486 1489 telescopium

160 1509 407 1540 astronomicum
431 1507 504 1538 visae
525 1506 664 1536 tributus
685 1505 759 1535 fuit.

208 1562 290 1593 Cum
314 1560 418 1592 eidem
446 1559 560 1590 tuhulo
587 1558 707 1589 oculari
738 1557 859 1589 diversa
888 1556 967 1587 vitra
992 1555 1119 1599 majoris
1144 1555 1315 1586 minorisve
1338 1552 1493 1584 distantiae

163 1614 272 1646 focalis
291 1613 421 1645 immitti
442 1612 577 1655 possint,
595 1611 858 1653 diversorumque
876 1609 1041 1641 oculorum
1063 1609 1185 1639 diversa
1210 1617 1338 1650 quoque
1356 1607 1394 1636 sit
1416 1616 1494 1636 con—

163 1670 314 1706 structio,
349 1666 545 1708 requiritur,
572 1670 610 1696 ut
634 1670 690 1696 aut
715 1665 834 1695 vitrum
859 1663 1013 1706 imagini,
1044 1668 1101 1693 aut
1124 1663 1228 1704 imago
1259 1661 1340 1691 vitro
1364 1658 1494 1701 propius

165 1720 326 1752 admoveri
350 1719 465 1762 possit,
500 1723 658 1760 quantum
688 1717 818 1759 quidem
846 1727 925 1757 opus
951 1721 998 1746 est
1027 1715 1067 1746 ad
1096 1714 1294 1746 formandam
1323 1712 1496 1754 imaginem

165 1773 363 1812 distinctam,
398 1782 535 1814 quorum
560 1770 728 1801 modorum
756 1770 928 1812 posterior,
956 1775 1109 1812 tanquam
1139 1767 1370 1799 commoditatis
1402 1764 1496 1797 laude

166 1826 356 1870 praevalens,
383 1825 509 1868 vulgari
528 1835 591 1855 usu
612 1829 760 1866 receptus
782 1829 839 1855 est.
868 1823 935 1854 Hoc
957 1822 1066 1865 itaque
1091 1821 1221 1853 consilio
1239 1819 1405 1863 speculum
1427 1817 1498 1860 pla-

166 1892 246 1912 num
266 1879 440 1910 sustinetur
464 1877 593 1908 brachio
615 1878 767 1916 cursoris,
795 1877 888 1920 cujus
912 1888 967 1919 pes
989 1887 1049 1919 ope
1070 1875 1182 1907 rotulae
1203 1886 1239 1905 ae
1265 1874 1390 1905 laminae
1416 1871 1496 1902 den-

169 1932 249 1964 datae
271 1933 305 1963 in
327 1930 429 1962 canali
454 1930 623 1972 (coulisse)
649 1930 709 1972 ipsi
728 1929 940 1972 respondente
966 1928 1089 1960 mobilis
1110 1934 1156 1959 est
1177 1928 1255 1958 citra
1276 1926 1368 1957 aliam
1391 1935 1495 1966 quan-

170 1985 242 2017 dam
266 1985 344 2016 situs
367 1983 464 2028 hujus
491 1982 613 2026 speculi
634 1984 844 2015 mutationem
866 1987 1014 2026 respectu
1034 1983 1100 2014 axis
1124 1987 1181 2012 aut
1206 1978 1329 2023 speculi
1354 1976 1490 2021 majoris.
