1809 2469
839 254 974 297 (104)

466 479 944 524 EXPLICATIO
1014 478 1356 520 TABULAE.

284 668 351 697 Haec
366 667 463 697 tabula
480 667 596 698 exhibet
613 674 732 707 systema
750 667 992 708 cerebro-spinale
1007 667 1133 707 corporis
1151 667 1287 704 humani;
1304 673 1397 707 partes
1413 666 1568 695 anteriores

245 725 272 746 et
292 717 464 756 posteriores
483 715 631 752 loborum,
656 723 743 756 atque
767 716 938 746 cerebellum
965 716 1087 745 abscissa
1110 723 1194 753 sunt3
1223 723 1347 756 quatuor
1372 714 1494 743 funiculi
1520 715 1569 754 qui

242 765 396 795 medullam
425 765 561 805 spinalem
587 767 768 795 constituunt
790 777 805 795 a
829 777 858 795 se
880 767 1001 795 invicem
1024 773 1210 805 separantur,
1242 772 1274 794 ut
1294 765 1461 794 ostendatur
1482 764 1571 792 inter-

243 821 339 842 textus
360 814 483 842 duorum
501 813 697 843 funiculorum
718 815 893 843 anteriorum
917 822 1004 854 atque
1025 815 1149 843 rationes
1170 806 1241 854 quas
1265 815 1339 842 inter
1361 823 1390 841 se
1410 813 1570 852 possident.

243 863 350 892 Videre
366 863 450 891 etiam
466 870 507 891 est
523 862 598 891 linea
613 863 718 901 grisea,
737 874 800 903 quae
817 864 974 892 substantia
995 871 1124 892 centrum
1141 865 1281 903 cujusque
1299 862 1421 891 funiculi
1437 868 1568 901 occupat.

305 934 331 951 1.
353 922 481 950 scissura
506 921 632 950 Madian.

303 971 330 990 2.
354 961 420 989 Pars
440 961 499 989 lobi
519 962 679 990 anterioris.

353 1000 461 1028 Bulbus
483 999 660 1029 olfactorius.

354 1040 475 1068 Radices
498 1040 578 1067 nervi
601 1039 753 1067 olfactorii.

353 1077 450 1104 caulis
469 1075 646 1114 pituitarius.

353 1115 521 1142 Eminenuae
545 1113 722 1143 mamillares.

352 1153 444 1181 Crura
463 1152 581 1180 cerebri.

352 1192 463 1220 Nervus
486 1191 610 1230 opticus.

341 1252 348 1260 .
370 1231 483 1258 Nervus
504 1229 743 1259 oculo-motorius
764 1231 931 1260 communis.

321 1291 329 1299 .
351 1270 462 1298 Nervus
485 1269 657 1308 patheticus.

300 1321 329 1349 9.
353 1309 570 1336 Protuberantia
593 1308 749 1338 annularis.

281 1359 327 1379 10.
350 1348 462 1376 Nervus
483 1347 661 1384 trigeminus.

282 1399 328 1418 11·
350 1387 461 1414 Nervus
482 1386 627 1414 abducens
650 1386 736 1416 oculi.

282 1436 328 1456 12.
350 1426 462 1454 Nervus
485 1425 603 1453 facialis.

282 1466 328 1495 13.
350 1465 462 1493 Nervus
484 1464 657 1493 acousticus.

282 1505 327 1533 14.
351 1504 463 1532 Nervus
484 1503 780 1543 glosso-pharingeus.

282 1545 327 1572 15.
350 1542 461 1571 Nervus
481 1544 758 1581 pneumogastricus.

282 1583 327 1611 16.
349 1582 511 1610 Eminentia
534 1582 726 1622 pyramidalis.

282 1632 327 1658 17.
350 1621 473 1649 Laminae
496 1631 546 1660 per
565 1632 636 1660 quas
652 1621 697 1650 hae
718 1621 877 1650 eminentiae
894 1622 968 1651 inter
987 1631 1016 1650 se
1034 1620 1254 1650 communicant.

281 1660 327 1689 18.
349 1660 509 1687 Eminentia
530 1659 653 1688 olivaris.

281 1709 327 1736 19.
349 1699 517 1727 Decussatio
539 1699 737 1727 funiculorum
757 1699 985 1739 pyramidalium.

280 1746 316 1766 20
334 1744 361 1765 et
380 1747 426 1765 21.
448 1737 560 1766 Nervus
583 1738 710 1777 spinalis.

279 1786 328 1804 22.
349 1775 461 1803 Nervus
484 1787 604 1812 magnus
627 1776 827 1816 hypoglossus.

280 1815 327 1844 23.
349 1814 443 1842 Locus
461 1814 511 1842 ubi
531 1815 654 1843 funiculi
675 1818 845 1854 posteriores
864 1816 916 1845 sibi
938 1816 1128 1856 applicantur.

280 1855 327 1882 24.
349 1852 485 1881 Funieuli
506 1854 661 1882 anteriores
677 1854 818 1884 medullae.

279 1894 327 1921 25.
349 1891 484 1920 Funiculi
505 1892 676 1931 posteriores
697 1893 838 1923 medullae.

280 1932 316 1960 26
334 1938 362 1959 et
380 1932 445 1968 27'.
468 1932 588 1960 Radices
609 1932 690 1960 nervi
713 1933 835 1970 regionis
859 1933 986 1961 dorsalis.

280 1980 314 2008 27
334 1977 363 1998 et
380 1969 426 1997 28.
450 1971 570 1998 Radices
594 1971 674 1999 nervi
696 1972 848 2010 spinalium
870 1972 1059 2000 cervicalium.

281 2011 333 2047 27¹¹
353 2015 380 2037 et
396 2018 443 2045 29.
467 2009 587 2038 Radices
607 2019 760 2039 nervorum
783 2011 906 2049 regionis
925 2010 1070 2040 lumbaris.

280 2049 327 2077 50.
349 2048 445 2077 Lineoe
467 2048 573 2086 griseae.

324 1233 331 1250 ἡ

300 1205 329 1299 ΦΝᾙ
300 1012 330 1183 §hemmae
