1809 2469
945 239 1059 279 (52)

947 269 955 280 x

386 324 404 343 ))
420 314 458 344 Je
481 325 558 345 vous
579 325 618 345 en
642 314 698 344 sais
719 315 759 344 ici
781 313 809 344 la
831 313 1020 356 description
1042 324 1079 344 en
1101 325 1164 356 peu
1189 314 1226 345 de
1253 314 1362 345 niots.’'

384 367 464 405 Quae
492 367 585 398 verba
608 368 752 409 sequitur
780 366 948 397 declaratio
974 367 1116 397 terminis
1141 367 1341 409 generalibus
1364 367 1505 399 indicans
1528 370 1658 412 colliga-

341 421 456 451 tionem
478 421 510 451 in
530 420 605 451 tubo
623 420 766 462 ampliori
787 420 907 462 speculi
924 420 1049 463 majoris
1069 421 1214 458 concavi,
1236 420 1356 462 speculi
1378 421 1506 452 minoris
1525 423 1657 453 convexi

341 481 435 517 atque
465 476 537 505 vltri
567 475 717 513 ocularis,
746 474 842 504 relata
869 474 908 504 ad
940 474 1128 504 iconismum
1152 480 1214 504 tam
1239 474 1334 505 flebili
1365 475 1456 506 niodo
1488 475 1659 507 adumbra-

340 535 424 566 tum,
450 534 486 558 ut
506 539 569 558 non
593 528 692 570 prima
714 528 818 557 statim
844 526 948 556 fronte
972 526 1147 568 quemlibet
1170 527 1399 569 intelligentem
1420 529 1465 559 rei
1490 530 1659 560 aestimato-

340 592 405 612 rem
434 593 495 611 non
519 582 613 623 possit
638 581 841 619 convincere,
863 579 947 610 illius
967 585 1128 611 auctorem
1146 581 1409 620 instrumentum,
1434 581 1472 612 de
1489 593 1552 623 qno
1570 593 1660 624 quae-

339 636 435 674 ritur,
457 646 497 665 ne
517 635 628 666 vidisse
645 634 774 677 quidem
791 644 950 676 unquam,
972 632 1092 664 nedum
1112 633 1232 664 secisse.
1260 634 1407 676 Denique
1425 635 1519 665 [inem
1538 635 1660 665 faciunt

339 689 583 719 collaudationes
606 688 740 730 pleniori
761 698 814 718 ore
836 687 976 729 repetitae
999 698 1108 718 earum
1131 687 1287 718 virtutum
1312 687 1427 729 quibus
1446 687 1505 718 hoc
1525 688 1659 719 telesco-

338 744 426 784 pium
453 741 682 783 praedicabatur
712 740 901 771 antecellere
928 740 1202 776 Newtonianum,
1234 751 1369 782 quaeque
1396 751 1504 771 omnes
1522 741 1556 771 in
1583 741 1658 771 folio

338 795 427 825 diarii
449 806 542 836 supra
568 799 812 824 commemorato
837 792 898 836 jam
922 792 1047 823 abunde
1076 792 1220 822 refutatae
1243 792 1380 823 fuerant.

380 848 428 878 Ex
447 847 495 878 his
516 846 662 877 omnibus
676 846 762 883 satis,
785 851 821 876 ut
843 845 921 875 mihi
939 844 1079 883 xidetur,
1103 845 1224 883 elucet,
1245 846 1269 875 si
1285 846 1318 876 in
1338 845 1500 888 republica
1520 846 1658 878 literaria

337 911 480 942 unquam
501 899 650 931 valuisset
671 900 820 929 censoria
839 905 1011 939 potestas,
1044 898 1272 940 Cas-segrainii
1292 910 1426 939 nomen,
1453 900 1658 931 inventorum

337 953 440 984 ordini
460 952 670 994 adscriptum,
693 963 757 982 non
777 952 875 993 magis
895 951 1033 992 potuisse
1050 950 1089 980 ad
1108 957 1245 981 nostram
1268 953 1451 983 memoriam
1471 954 1657 991 transmitti,

337 1018 434 1049 qnam
455 1017 571 1036 nornen
599 1005 678 1035 alius
700 1004 877 1047 cujuspiam
903 1004 1048 1042 artificis,
1079 1003 1194 1045 aequali
1219 1005 1367 1035 acumine
1392 1006 1575 1047 conspicui,
1602 1007 1657 1048 qui

338 1061 419 1091 forte
442 1060 476 1090 in
502 1059 643 1089 animum
672 1058 864 1096 induxisset,
892 1056 1020 1098 speculo
1045 1057 1160 1087 minori
1180 1068 1316 1090 concavo
1345 1058 1548 1100 Gregoriano
1569 1058 1659 1090 suffi—

338 1124 409 1145 cere
433 1112 599 1155 speculum
623 1112 763 1153 planum.

382 1167 432 1198 Oh
450 1166 575 1210 majoris
597 1165 726 1208 quidem
743 1164 904 1195 brevitatis
925 1161 1126 1192 commodum
1147 1161 1207 1192 hoc
1225 1162 1474 1193 instrumentum
1490 1174 1506 1193 a
1525 1163 1659 1205 quibus*

338 1220 409 1251 dam
430 1219 469 1251 ad
493 1230 568 1250 usus
591 1219 732 1249 nauticos
757 1215 1014 1247 commendatum
1030 1215 1112 1245 suit.
1139 1213 1220 1245 Cum
1239 1225 1314 1246 vero
1339 1214 1493 1245 aberratio
1517 1226 1534 1245 e
1556 1216 1658 1257 figura

338 1273 488 1315 sphaerica
510 1271 630 1314 speculi
651 1270 795 1312 majoriS,
819 1269 946 1311 speculo
973 1268 1084 1298 minori
1106 1278 1246 1299 convexo
1267 1268 1372 1309 potius
1390 1274 1559 1310 augeatur,
1584 1279 1657 1310 quae

337 1325 466 1368 speculo
499 1324 613 1355 minori
641 1334 778 1354 concavo
805 1323 977 1359 minuitur,
1011 1321 1106 1350 etiam
1131 1320 1190 1350 hoc
1217 1326 1382 1362 respectu,
1420 1331 1481 1351 non
1516 1320 1658 1351 obstante

337 1379 536 1422 longitudine
560 1377 720 1419 aliquanto
738 1375 870 1418 majore,
891 1375 1096 1416 telescopium
1119 1373 1358 1415 Gregorianum
1378 1373 1658 1415 Cassegrainiano

340 1432 476 1474 palmam
498 1431 668 1473 praeripere
689 1430 721 1459 in
738 1429 870 1459 dubium
894 1428 1002 1458 venire
1021 1438 1084 1457 non
1103 1431 1216 1468 potest.
1237 1425 1285 1455 Ex
1300 1419 1416 1467 [quibus
1430 1431 1541 1467 sponte
1557 1431 1658 1467 patet,

339 1485 397 1516 hoc
420 1483 623 1525 telescopium
647 1492 812 1524 nunquam
833 1481 966 1522 dignum
990 1480 1086 1510 fuisse
1104 1479 1171 1509 istis
1190 1479 1290 1517 curis,
1318 1477 1434 1519 quibus
1456 1479 1600 1508 Euleras
1626 1484 1659 1509 et

339 1538 467 1580 quidam
487 1536 556 1573 alii,
578 1536 675 1577 ipsius
697 1534 880 1576 exemplum
902 1535 1019 1572 secuti,
1045 1538 1232 1575 geometrae,
1259 1531 1372 1562 additis
1394 1531 1538 1573 pluribus
1561 1530 1658 1562 lent‘i-

339 1592 397 1622 bus
418 1589 612 1627 ocularibus,
639 1589 790 1630 imagines
813 1588 896 1618 illius
916 1587 954 1618 ad
975 1587 1072 1617 situm
1093 1592 1235 1616 erectum
1254 1595 1401 1616 revocare
1423 1584 1526 1614 annisi
1545 1589 1632 1615 sunt.

382 1653 437 1683 VI.
467 1652 686 1694 Telescopium
713 1651 960 1681 Leman-ianam
992 1660 1075 1680 anno
1101 1649 1185 1682 1728
1212 1648 1229 1678 a
1254 1648 1379 1678 ,Iacobo
1406 1648 1558 1678 Lemaire
1583 1659 1658 1690 pro-

339 1708 475 1749 positum
498 1712 593 1746 atque
614 1704 823 1746 descriptione
840 1703 1000 1745 publicata
1017 1703 1062 1743 (*)
1084 1702 1285 1744 divulgatum
1306 1701 1385 1740 fuit,
1407 1706 1444 1731 ut
1464 1700 1660 1731 Newtonia-

338 1771 433 1795 nam,
462 1757 582 1801 abjecto
603 1757 687 1787 illius
707 1756 835 1798 speculo
857 1756 950 1798 plano
977 1756 1014 1786 ad
1041 1766 1196 1786 summam
1219 1753 1451 1796 simplicitatem
1476 1761 1657 1792 revocaret,

339 1818 370 1843 et
390 1811 580 1853 imaginlbus
607 1810 645 1840 ab
674 1810 727 1840 illo
756 1810 896 1840 formatis
924 1810 1093 1840 maximam
1124 1808 1297 1838 claritatem
1323 1812 1418 1848 atque
1440 1807 1655 1848 praecisionem

339 1863 530 1896 conciliaret.
573 1862 676 1906 Hujus
709 1862 828 1892 consilii
862 1862 1056 1905 exsequendi
1084 1872 1240 1892 summam
1266 1871 1282 1890 a
1312 1859 1434 1890 duabus
1461 1861 1656 1902 potissimum

339 1916 570 1949 conditionibus
593 1916 731 1959 pendere
757 1916 925 1960 judicavit,
954 1916 1073 1947 scilicet
1096 1915 1155 1956 (1)
1180 1913 1218 1944 ab
1239 1924 1295 1953 ea,
1327 1918 1363 1943 ut
1389 1913 1555 1956 speculum
1581 1924 1660 1944 con-

382 2031 425 2058 (*)
443 2030 565 2052 {wachines
586 2034 608 2052 et
627 2029 765 2052 inventious
782 2029 928 2059 approuve'es
943 2036 986 2058 par
1004 2027 1151 2051 I‘Acade'mie
1167 2026 1251 2056 royale
1269 2025 1309 2048 des
1327 2025 1443 2053 sciences,
1462 2025 1491 2047 T.
1514 2023 1557 2048 Vl.
1577 2023 1656 2052 Paris,

341 2071 412 2098 1735,
432 2077 455 2099 p.
472 2070 497 2091 61
518 2077 547 2090 ss.
