1809 2469
855 234 965 276 (90)

251 308 399 340 ducimur
435 308 691 351 consequentiam
707 331 715 346 ,
751 305 836 349 quod
870 305 1047 337 valedicere
1079 304 1251 336 debeamus
1283 307 1350 348 spei
1388 307 1573 338 inveniendi

249 373 351 392 unum
372 363 402 392 in
421 361 615 404 quacunque
636 361 773 403 corporis
791 366 881 403 parte
900 365 1073 402 punctum,
1094 359 1150 391 ubi
1168 359 1354 391 sensibilitas
1375 366 1406 392 et
1427 361 1575 391 motilitas

249 416 389 446 confusae
410 416 541 458 reperiri
565 420 705 458 possunt.

293 469 403 507 Quum
426 469 670 500 intumescentia
691 468 835 510 superior
851 466 999 498 medullae
1014 467 1142 509 spinalis
1160 467 1193 497 in
1209 466 1327 509 juniori
1348 467 1413 497 Feli
1430 467 1576 499 denuda-

250 529 317 561 tur,
340 534 375 554 ea
395 529 501 554 tamen
522 534 596 554 cum
618 522 711 561 eura,
732 527 770 552 ut
789 520 909 552 radices
926 531 1098 552 nervorum
1115 520 1341 551 vertebralium
1362 520 1459 562 hujus
1480 522 1577 563 partis

248 588 312 607 non
337 576 493 607 laedantur
519 576 667 618 (semper
692 575 778 605 enim
808 574 943 617 praefero
968 584 1128 604 assumere
1151 573 1237 604 illam
1263 580 1384 616 partem
1411 574 1575 613 medullae,

249 631 322 672 quia
344 629 469 661 facilius
491 642 508 660 a
532 629 674 672 partibus
698 628 809 660 vicinis
830 627 1029 667 denudatur3
1056 628 1187 669 insuper
1207 627 1308 670 majus
1331 627 1480 659 volumen
1504 639 1577 670 pos-

248 683 342 723 sidet,
365 694 405 714 ex
425 694 462 715 eo
485 683 570 726 quod
591 693 700 714 omnes
718 682 810 714 nervi
828 681 942 725 plexus
964 680 1131 711 brachialis
1151 681 1227 711 huic
1248 682 1330 723 parti
1349 681 1575 723 inseruntur),

247 738 272 768 si
293 737 408 768 deinde
423 743 516 768 caute
533 743 716 769 resecantur
731 747 840 767 omnes
855 735 975 767 radices
994 735 1166 765 anteriores
1184 733 1280 778 hujus
1299 735 1395 777 partis
1410 735 1576 775 medullae,

247 803 306 834 ope
329 791 476 822 forficum
498 792 754 829 inem-vatorum,
776 790 864 832 (quae
880 789 1020 831 operatio
1039 789 1204 831 perficitur
1218 788 1336 831 absque
1354 800 1391 819 eo
1408 795 1445 819 ut
1459 789 1577 820 animal

248 856 289 877 ne
310 846 481 877 minimum
502 845 631 888 quidem
657 844 825 875 clamorem
848 843 939 886 edat)
960 843 985 873 si
1004 842 1119 873 deinde
1137 841 1258 884 aliquas
1274 842 1414 884 guttulas
1429 843 1577 873 tincturae

248 899 432 930 striclininae
454 901 483 930 ei
504 899 775 937 administramus,
799 903 869 940 post
883 896 988 939 aliqua
1010 896 1133 926 minuta
1153 896 1255 938 prima
1278 906 1388 927 ornnes
1407 895 1577 926 animantis

248 953 387 985 musculi
404 954 586 985 fortissimas
603 953 832 984 contractiones
848 951 1032 994 patiuntur,
1054 949 1194 991 exceptis
1212 948 1289 988 illis,
1309 949 1365 991 qui
1384 949 1578 991 respondent

249 1008 331 1050 parti
351 1007 513 1047 medullae,
532 1019 571 1039 ex
585 1019 648 1049 qua
665 1007 814 1038 oriuntur
830 1005 921 1036 nervi
936 1016 1030 1045 supra
1045 1004 1187 1034 resecati.
1209 1003 1311 1043 Igitur
1326 1003 1394 1034 haec
1409 1003 1577 1034 animantis

250 1072 321 1102 pars
348 1060 483 1102 paralysi
510 1069 637 1101 prorsus
661 1057 817 1099 completa
846 1056 982 1094 laborat,
1008 1055 1086 1086 dum
1109 1054 1269 1097 reliquum
1299 1066 1413 1096 corpus
1442 1055 1577 1086 afficitur

250 1119 373 1151 tetano,
395 1114 451 1155 qui
471 1112 626 1154 reliquam
647 1111 822 1153 systematis
842 1109 1031 1140 muscularis
1053 1114 1174 1150 partem
1196 1114 1392 1150 conquassat.

293 1166 364 1197 Jam
390 1166 416 1196 si
447 1166 481 1196 in
506 1165 566 1196 alio
592 1165 710 1208 juniori
739 1163 807 1194 Feli
836 1163 948 1194 eodem
978 1161 1089 1201 modo,
1117 1172 1153 1191 ac
1181 1161 1376 1203 praecedens,
1402 1167 1578 1204 praeparato

251 1220 371 1252 radices
386 1220 588 1262 posteriores,
605 1219 736 1260 integris
753 1216 992 1249 remanentibus
1006 1214 1233 1254 anterioribus,
1248 1220 1444 1253 resecantur,
1460 1221 1491 1245 et
1509 1215 1535 1246 si
1549 1216 1579 1246 ei

250 1273 463 1316 propinantur
483 1272 597 1315 aliquae
618 1271 752 1314 guttulae
768 1270 967 1308 strichninae,
986 1269 1054 1300 haec
1070 1268 1218 1299 medullae
1237 1279 1308 1310 pars
1324 1280 1450 1310 prorsus
1470 1269 1580 1300 insen-

250 1327 348 1358 sibilis
362 1326 478 1358 evadit.
495 1327 565 1357 Pati
577 1325 660 1357 valet
675 1335 783 1356 omnes
801 1323 1014 1354 mutilationes
1029 1328 1061 1353 et
1075 1322 1327 1360 dilacerationes,
1341 1328 1373 1352 et
1388 1328 1458 1364 post
1473 1322 1579 1365 aliqua

251 1382 375 1412 minuta
392 1380 531 1411 secunda
552 1380 652 1410 oritur
670 1384 790 1410 tetanos
807 1376 1010 1413 universatim
1026 1387 1085 1406 nee
1101 1376 1135 1406 in
1155 1375 1310 1418 partibus,
1329 1375 1445 1417 quibus
1461 1376 1580 1406 radices

252 1436 438 1478 posteriores
449 1433 701 1472 distribuuntur,
713 1443 754 1463 ne
767 1433 930 1463 minimam
942 1430 1071 1473 quidem
1085 1431 1189 1461 motus
1200 1429 1354 1473 jacturam
1366 1429 1578 1462 observamus.

296 1487 385 1527 Quid
405 1487 600 1519 censendum
627 1492 673 1518 est
695 1486 734 1517 de
756 1485 818 1516 illis
838 1484 1081 1527 experimentis,
1104 1489 1137 1515 et
1159 1483 1306 1526 pluribus
1326 1483 1410 1522 aliis,
1434 1494 1507 1526 quae
1526 1483 1581 1514 hic

253 1552 400 1572 enarrare
421 1552 598 1584 possemus,
620 1541 679 1571 nisi
701 1540 826 1582 longius
847 1538 980 1569 reddere
1001 1543 1145 1568 nostrum
1166 1548 1245 1580 opus
1269 1537 1480 1569 vereremur?

296 1595 434 1627 Videtur
455 1595 625 1627 verisimile
646 1594 732 1637 quod
750 1595 784 1625 in
804 1592 992 1632 individuis,
1018 1592 1074 1635 qui
1094 1602 1183 1623 suam
1204 1590 1441 1621 sensibilitatem
1466 1591 1581 1622 amise-

255 1655 347 1688 runt,
373 1655 405 1680 et
428 1649 524 1680 simul
549 1648 751 1679 motilitatem
773 1652 1002 1678 conservarunt
1023 1645 1189 1677 funiculus
1208 1644 1362 1676 sensibilis
1383 1644 1581 1687 pathologice

254 1703 353 1734 fuerit
374 1709 429 1734 aut
449 1702 630 1734 destructus
651 1708 706 1733 ant
726 1701 836 1732 saltem
856 1700 1004 1740 affectus,
1025 1705 1057 1731 et
1079 1699 1165 1742 quod
1182 1699 1376 1729 contrarium
1399 1698 1582 1729 inveniatur

254 1757 286 1786 in
311 1755 389 1793 illis,
411 1757 466 1798 qui
488 1767 578 1787 suam
603 1755 842 1787 sensibilitatem
865 1759 1101 1792 conservantes,
1127 1753 1294 1784 motilitate
1315 1752 1448 1783 fuerunt
1469 1751 1580 1782 orbati.

298 1808 438 1847 Quidam
465 1814 572 1839 mente
598 1814 708 1850 captus
732 1808 778 1850 (1)
802 1809 836 1838 in
859 1808 1038 1838 nosocomio
1060 1806 1248 1846 stultorum,
1270 1805 1355 1848 quod
1375 1810 1422 1835 est
1445 1806 1479 1835 in
1502 1804 1582 1835 urbe

254 1863 336 1893 dicta
366 1862 573 1901 Charenton,
609 1861 725 1893 abhinc
757 1867 877 1904 septem
911 1861 1022 1900 annis,
1060 1860 1261 1892 motilitatem
1291 1859 1325 1890 in
1354 1864 1419 1889 toto
1451 1868 1582 1900 corpore

254 1916 416 1955 amiserat,
444 1916 567 1958 integra
592 1921 699 1946 tamen
720 1921 905 1946 remanente
925 1916 991 1957 ipsa
1019 1914 1233 1945 sensibilitate.
1260 1913 1334 1943 Post
1354 1911 1422 1956 ejus
1447 1917 1581 1942 mortem

254 1969 301 1999 Cl.
334 1970 436 2012 Royer
461 1969 586 2000 Collard
621 1969 735 2012 magna
767 1969 843 2000 cura
872 1975 904 2000 et
933 1968 1096 2012 diligentia
1123 1967 1191 2011 ejus
1216 1966 1357 1998 medulla
1388 1965 1516 2008 spinalis
1547 1971 1582 1996 ut

313 2083 356 2109 (ι)
374 2082 449 2111 Opere
467 2089 538 2111 supra
559 2081 640 2104 citato.
