1809 2469
935 237 1045 279 (18)

332 312 420 344 venit
447 311 604 343 anatomia
626 317 815 354 comparata.
846 311 1023 353 Extirpatio
1048 311 1144 342 unius
1169 310 1409 343 tuberculorum
1437 311 1660 354 quadrigemi-‚

330 376 462 404 norum,
489 370 558 407 post
580 371 703 396 motum
730 364 969 404 convulsivum,
1003 365 1059 407 qui
1083 364 1172 396 brevi
1195 371 1312 404 cessat,
1341 365 1473 396 effectus
1495 365 1660 402 durabiles

329 418 492 460 producit,
516 429 631 460 nempe
653 419 826 449 caecitatem
848 417 931 448 oculi
952 418 1085 460 oppositi
1106 424 1201 460 atque
1222 418 1392 460 vertigines
1408 418 1653 450 involuntarias:

329 472 496 514 extirpatio
520 483 593 503 vero
612 471 760 502 binorum
782 470 1024 502 tuberculorum
1047 472 1222 502 caecitatem
1245 471 1374 502 omnino
1398 471 1536 513 complet
1558 477 1654 513 atque

331 526 501 567 vertigines
522 532 671 567 provocat
692 525 891 557 violentiores
912 530 944 555 et
965 525 1063 567 magis
1086 530 1268 567 protractas.
1294 525 1471 567 Extirpatio
1495 524 1655 567 profunda

330 579 588 618 tuberculorum,
615 580 710 609 sectio
733 590 904 610 nervorum
931 579 1109 620 opticorum
1132 578 1245 609 iridem
1269 578 1475 621 paralyticam
1498 577 1654 618 reddunt3

328 631 414 662 unde
442 631 596 662 Flourens
619 631 799 671 concludit,
832 632 917 674 quod
943 631 1057 662 ablatio
1084 631 1323 663 tuberculorum
1350 633 1479 663 omnino
1505 643 1569 662 non
1595 631 1655 662 alio

329 684 421 715 modo
443 690 566 726 reagat,
589 696 625 715 ac
646 690 789 727 reageret
813 685 909 715 sectio
929 685 1020 716 nervi
1039 685 1152 727 optici;
1174 684 1324 727 quodque
1349 684 1555 716 tuberculum
1575 684 1655 715 illud

328 737 366 768 ad
397 738 550 769 visionem
577 749 642 768 non
670 738 838 777 inserviat,
866 739 926 769 nisi
955 744 993 769 ut
1020 739 1204 769 sensationis
1228 738 1418 778 conductor3
1447 738 1534 780 quod
1564 737 1656 769 Iobus

328 789 495 821 cerebralis
520 789 604 821 solus
624 790 664 820 sit
689 791 844 822 terminus
866 791 1050 822 sensationis
1072 797 1104 822 et
1125 791 1212 823 locus
1236 792 1270 822 in
1293 803 1356 834 quo
1379 791 1450 822 haec
1474 792 1656 833 peragitur,

327 843 358 874 id
389 849 435 873 est
462 843 550 874 locus
577 841 632 874 ubi
664 845 798 874 sensatio
827 845 891 874 sive
925 845 1088 886 impressio
1117 845 1150 875 in
1178 845 1417 887 perceptionem
1446 844 1655 875 convertitur.

328 896 486 927 Caeterum
508 896 739 928 observandum
761 904 823 937 est,
845 898 947 940 quod,
967 899 992 929 si
1014 899 1183 941 extirpatio
1203 897 1446 929 tuberculorum
1471 896 1656 940 profundis—

328 950 405 980 sime
426 949 628 988 instituatur,
651 949 790 981 medulla
811 951 977 993 oblongata
997 963 1121 994 semper
1144 951 1295 991 laedatur,
1318 951 1468 994 quodque
1493 957 1563 982 tum
1583 961 1658 981 nas-

329 1009 441 1034 cantur
467 1003 686 1034 convulsiones
708 1003 870 1042 violentae,
896 1015 967 1046 quae
992 1004 1167 1034 diutissime
1191 1004 1378 1046 perdurant.

371 1056 457 1086 Dum
475 1055 589 1086 ablatio
611 1056 787 1097 primorum
808 1062 978 1087 stratorum
1000 1056 1148 1087 cerebelli
1167 1057 1409 1095 instituebatur,
1431 1056 1495 1087 levi
1513 1062 1657 1087 tantum-

331 1108 423 1139 modo
445 1108 606 1138 debilitate
626 1108 821 1139 afficiebatur
839 1109 956 1139 animal
977 1115 1009 1139 et
1029 1109 1192 1140 harmonia
1214 1111 1245 1140 in
1267 1109 1405 1140 motibus
1425 1109 1543 1140 deerat.
1569 1110 1655 1140 Dum

329 1162 368 1193 ad
389 1168 482 1193 strata
503 1161 605 1192 media
627 1162 691 1192 fuit
713 1168 903 1204 perventum
925 1163 1053 1205 agitatio
1072 1162 1140 1193 fere
1161 1162 1317 1205 generalis
1339 1173 1405 1193 sese
1428 1163 1656 1202 manifestavit3

330 1215 446 1246 animal
463 1215 518 1245 etsi
536 1215 641 1246 adhuc
659 1215 729 1246 visu
745 1221 777 1246 et
798 1215 910 1246 auditu
930 1216 1087 1256 gaudens,
1110 1221 1217 1246 tamen
1233 1228 1297 1247 non
1312 1217 1372 1246 nisi
1387 1221 1491 1247 motus
1507 1215 1657 1258 abruptos

330 1275 361 1299 et
385 1269 574 1311 irregulares
600 1268 784 1308 exercebat,
810 1275 842 1299 at
865 1270 899 1299 in
929 1269 1019 1300 dorso
1047 1270 1185 1311 positum
1212 1281 1276 1300 non
1306 1269 1469 1312 surgebat3
1499 1275 1531 1300 et
1554 1280 1656 1311 quum

329 1322 525 1364 periculum,
547 1321 633 1364 quod
653 1322 748 1364 capiti
769 1321 837 1365 ejus
856 1321 1058 1361 imminebat,
1078 1322 1221 1364 apprime
1244 1321 1365 1353 videret
1387 1322 1473 1352 mille
1493 1322 1656 1353 conatibus

330 1375 511 1406 enitebatur
531 1375 611 1406 illud
633 1376 746 1414 vitare,
771 1375 825 1406 sed
840 1375 969 1406 frustra.
997 1375 1043 1405 Cl.
1063 1375 1216 1406 Flourens
1235 1375 1399 1406 contendit
1418 1375 1504 1418 quod
1523 1375 1562 1406 ad
1582 1375 1657 1406 libi—

331 1435 417 1468 tum,
440 1429 555 1459 sensim
576 1431 756 1471 sensimque
776 1429 951 1460 auferendo
972 1430 1069 1472 magis
1092 1430 1254 1472 magisque
1278 1429 1487 1472 profundiora
1509 1429 1657 1461 cerebelli

331 1488 442 1521 strata,
468 1493 556 1512 nunc
577 1481 718 1513 volatum
744 1481 864 1522 solum,
891 1494 978 1513 nunc
997 1482 1138 1514 volatum
1158 1489 1190 1514 et
1204 1494 1345 1526 gressum
1365 1483 1564 1525 supprimere
1583 1494 1657 1525 pos-

331 1536 445 1574 simus,
470 1547 557 1566 nunc
578 1537 673 1566 etiam
701 1536 864 1567 destruere
885 1543 916 1567 et
938 1536 1077 1568 volatum
1099 1542 1130 1567 et
1151 1548 1292 1579 gressum
1311 1542 1343 1567 et
1362 1537 1460 1577 ipsam
1477 1537 1654 1567 stationem.

331 1588 455 1619 Exinde
489 1589 664 1620 auferendo
701 1589 894 1620 cerebellum
928 1591 1021 1621 etiam
1058 1590 1234 1622 auferimus
1265 1601 1374 1621 omnes
1405 1596 1508 1620 motus
1532 1589 1656 1621 coordi—

332 1648 436 1681 natos,
458 1641 568 1672 eodem
587 1654 714 1684 prorsus
733 1643 842 1682 modo,
864 1654 899 1674 ac
921 1643 998 1674 dum
1015 1643 1124 1675 lobum
1144 1643 1335 1675 cerebralem
1353 1642 1544 1674 destruendo
1560 1643 1655 1674 etiam

332 1706 439 1726 omnes
464 1696 654 1727 sensationes
680 1696 829 1727 tollimus.

375 1749 407 1778 Si
428 1749 544 1779 animal
571 1749 700 1780 cerebro
721 1762 778 1781 suo
799 1749 946 1789 orbetur,
974 1750 1062 1792 quasi
1085 1751 1119 1781 in
1139 1756 1224 1781 statu
1247 1751 1401 1781 somnioso
1422 1748 1607 1792 conjicitur,
1629 1749 1655 1779 si

331 1808 439 1833 autem
468 1801 661 1833 cerebellum
687 1803 716 1833 ei
746 1803 911 1834 auferatur
932 1809 1047 1834 statum
1069 1805 1158 1846 quasi
1188 1803 1345 1835 ebriosum
1373 1802 1488 1833 induit.
1519 1802 1566 1833 Cl.
1590 1803 1655 1833 Ro—

331 1855 425 1886 lando
445 1855 491 1897 (1)
512 1856 672 1886 Professor
689 1856 893 1887 Taurinensis
913 1856 1032 1898 publici
1052 1856 1131 1900 juris
1151 1857 1228 1888 fecit
1246 1869 1300 1888 sua
1323 1857 1558 1899 experimenta,
1583 1867 1655 1898 quae

333 1909 461 1939 omnino
479 1909 591 1939 similia
612 1915 686 1940 sunt
704 1909 781 1949 illis,
801 1921 872 1952 quae
889 1909 1043 1941 Flourens
1063 1911 1211 1942 instituit.
1233 1911 1306 1941 Haec
1323 1910 1427 1941 onmia
1444 1909 1502 1941 sibi
1521 1909 1655 1940 deman—

333 1963 402 1993 data
425 1962 543 1993 habent
563 1962 729 1994 cerebrum
750 1969 783 1993 et
801 1962 1006 1994 cerebellum.
1028 1964 1176 1995 Attamen
1194 1963 1426 2003 conclusiones,
1447 1974 1524 2006 quas
1539 1962 1655 1993 exiliis

389 2067 432 2095 (ι)
447 2065 545 2097 Saggio,
563 2065 635 2096 supra
650 2066 673 2089 la
691 2073 747 2089 veta
762 2071 880 2089 struuura
898 2066 964 2090 dello
982 2067 1109 2096 cerebello,
1129 2073 1188 2097 etc.,
1206 2072 1251 2090 etc.
1272 2075 1326 2098 pag.
1344 2075 1367 2088 ιι
1380 2067 1438 2089 -52.
