1809 2469
820 243 932 286 (71)

214 327 310 364 atque
327 320 361 351 in
377 325 484 351 textus
499 320 601 352 varios
614 318 676 349 illis
700 317 911 348 circumfusos
928 317 1160 350 immittuntur.
1180 320 1365 351 Generatim
1380 319 1418 350 de
1434 330 1545 351 eorum

213 375 367 406 divisione
388 373 456 404 haec
474 373 525 404 lex
548 373 611 404 fuit
632 371 809 403 observata:
835 371 869 401 in
890 370 1050 413 partibus,
1074 374 1210 404 maxima
1235 373 1440 404 sensibilitate
1462 384 1547 415 prae—

213 428 301 467 ditis,
324 427 483 470 quantitas
507 426 659 457 fibrarum
676 435 869 457 nervearum
888 424 1151 465 descendentium
1170 427 1274 457 minor
1295 432 1357 466 est,
1377 438 1474 470 quam
1492 425 1545 456 illa

212 480 365 512 fibrarum
396 479 679 519 adscendentium3
711 484 744 509 et
771 480 841 510 vice
868 478 957 510 versa
983 479 1015 510 in
1043 480 1187 523 partibus
1216 481 1326 511 activis
1350 480 1546 519 locomotfis,

212 535 373 577 quantitas
401 534 553 565 fibrarum
582 544 773 565 nervearum
801 533 1064 565 descendentium
1089 540 1259 577 exsuperat
1282 533 1369 564 illam
1395 532 1548 563 fibrarum

213 588 488 619 adscendentium.
505 587 554 618 Ad
569 588 759 618 sententiam
772 587 819 618 Cl.
831 587 951 619 Fodera
961 587 1007 630 (1)
1017 589 1108 620 nervi
1124 587 1351 619 adscendentes
1366 598 1429 617 non
1445 585 1548 616 solum

213 653 288 673 cum
308 642 446 673 sensorio
468 641 637 673 relationes
657 641 764 681 alunt,
788 641 841 672 hie
862 648 910 673 est
929 642 1141 673 sensibilitatis
1163 641 1313 680 effectus;
1338 651 1452 671 verum
1474 650 1550 670 cum

212 695 357 739 partibus
386 696 488 726 centri
512 696 643 735 nervei⁷
673 695 726 726 hic
754 701 801 726 est
826 695 959 727 effectus
990 696 1141 738 simplicis
1169 694 1414 726 affectibilitatis.
1447 693 1549 735 Igitur

212 750 290 782 dum
317 750 538 793 impressiones
559 749 598 781 ad
618 750 794 780 sensorium
820 750 1030 792 perveniunt,
1057 749 1172 780 harum
1194 749 1299 779 statim
1321 747 1549 778 conscientiam

211 803 320 835 habet.
352 804 401 843 Si,
428 804 477 835 uti
499 804 534 834 in
555 815 665 834 sonmo
685 803 847 846 profundo
869 809 902 834 et
926 804 960 834 in
985 803 1168 846 apoplexia,
1193 802 1261 833 haec
1286 802 1368 832 actio
1392 800 1551 831 limitatur

212 857 252 888 ad
271 857 445 889 medullam
461 857 632 900 spinalem,
649 858 715 889 sive
730 857 805 900 quia
824 856 930 888 locum
950 856 1048 888 habet
1064 857 1258 899 interruptio
1275 855 1406 886 actionis
1425 864 1551 885 nervefe

212 911 297 942 inter
317 910 492 942 medullam
514 917 546 941 et
567 910 753 950 cerebrum,
773 911 866 942 sicuti
887 912 921 941 in
945 912 1038 942 certis
1060 910 1299 953 haemorrhagiis
1320 908 1550 951 encephalicis‚

211 964 247 995 in
264 964 577 996 monstruositatibus
595 964 652 996 ubi
670 964 758 995 deest
776 964 943 996 cerebrum
961 971 993 995 et
1013 976 1127 1007 magna
1148 965 1252 1007 portio
1273 962 1422 994 medullae
1438 961 1553 992 oblon-

184 1013 188 1017 ⁴
212 1022 294 1059 gatae
314 1023 346 1047 et
367 1018 401 1046 in
420 1017 612 1047 animalibus
635 1019 739 1058 capite
759 1018 891 1056 orbatis,
917 1020 983 1049 sive
1003 1018 1060 1048 ubi
1081 1018 1303 1048 tantummodo
1323 1018 1387 1048 fuit
1405 1017 1550 1047 instituta

211 1071 309 1102 sectio
337 1069 487 1101 medullae
518 1069 648 1113 spinalis
677 1076 747 1112 post
773 1069 861 1101 illam
891 1070 1041 1102 medullae
1066 1070 1242 1112 elongatae,
1274 1075 1344 1100 tum
1370 1069 1457 1100 enim
1483 1070 1552 1100 haec

211 1123 376 1166 impressio
396 1134 461 1153 non
481 1123 543 1153 nisi
561 1123 739 1165 simplicem
761 1124 972 1155 irritationem
993 1125 1045 1156 vel
1067 1125 1268 1156 affectionem
1292 1123 1452 1167 producit.

256 1176 428 1208 Inssueutia
454 1177 615 1220 reciproca
641 1177 793 1209 fibrarum
817 1178 1081 1210 adscendentium
1109 1185 1141 1210 et
1166 1178 1429 1209 descendentium
1452 1184 1554 1221 syste-

212 1231 306 1262 matis
328 1231 439 1262 nervei
465 1231 498 1261 in
523 1232 646 1262 ratione
674 1232 806 1263 actionis
837 1238 893 1263 aut
920 1233 1088 1264 reactionis
1116 1233 1238 1272 existit,
1266 1233 1374 1275 prouti
1401 1232 1554 1263 discessus

212 1285 320 1317 locum
349 1285 447 1317 habet
472 1285 525 1318 vel
550 1298 566 1317 a
594 1292 704 1318 centro
731 1297 841 1319 versus
871 1287 1086 1330 peripheriam
1112 1287 1165 1319 vel
1188 1299 1204 1318 a
1235 1285 1419 1330 peripheria
1444 1297 1555 1318 versus

213 1344 373 1370 centrum.
406 1339 509 1381 Igitur
532 1340 625 1371 nervi
652 1340 880 1372 adscendentes
907 1342 1048 1382 actione,
1080 1348 1112 1373 et
1137 1341 1365 1373 descendentes
1393 1341 1555 1372 reactione

214 1399 332 1436 agunt,
357 1393 382 1424 si
402 1393 567 1436 impressio
589 1405 605 1425 a
627 1394 811 1438 peripheria
837 1395 995 1438 procedit,
1022 1395 1185 1438 simulque
1211 1401 1319 1427 motus
1345 1394 1552 1438 producitur3

214 1455 232 1478 e
259 1452 368 1478 contra
396 1446 626 1478 descendentes
652 1449 784 1479 actione
814 1455 846 1480 et
875 1449 1104 1481 adscendentes
1131 1450 1296 1480 reactione
1325 1454 1445 1492 agunt,
1475 1448 1554 1479 dum

215 1501 364 1533 excitatio
381 1512 398 1533 a
415 1507 526 1533 centro
544 1503 710 1545 provenit,
733 1503 896 1546 simulque
917 1503 1108 1547 producitur
1125 1504 1318 1535 conscientia
1336 1503 1466 1534 illorum
1484 1513 1556 1545 quae

215 1553 256 1585 ad
271 1553 489 1596 peripheriam
507 1555 706 1587 sentiuntur.
729 1555 797 1587 Hoc
811 1556 964 1588 ultimum
984 1557 1219 1600 pbaenomenon
1235 1557 1341 1589 locum
1364 1556 1461 1588 habet
1476 1556 1554 1588 dum

216 1608 324 1639 cervix
339 1609 539 1650 percutitur3
562 1614 631 1640 tum
648 1609 735 1640 enim
754 1610 892 1642 sentitur
911 1611 1058 1654 quaedam
1075 1611 1255 1643 formicatio
1270 1612 1304 1642 in
1320 1611 1402 1642 facie
1417 1610 1553 1653 plantari

215 1660 335 1704 pedum
355 1667 388 1692 et
408 1661 544 1705 palmari
564 1674 733 1695 manuum.

261 1713 424 1747 Caeterum
456 1721 564 1758 postea
592 1716 773 1748 videbimus
805 1719 906 1749 varias
932 1730 1107 1752 nervorum
1132 1719 1326 1751 functiones.
1359 1718 1555 1761 Intercipere

217 1768 302 1799 foret
322 1768 422 1809 facta,
446 1776 517 1812 post
539 1770 611 1802 baec
634 1771 670 1802 in
694 1771 756 1803 alio
782 1772 851 1804 loco
876 1773 1100 1814 describenda,
1125 1774 1150 1804 si
1175 1773 1229 1804 hic
1253 1773 1348 1804 hasce
1372 1772 1555 1804 functiones

218 1822 320 1866 magis
343 1823 527 1856 minutatim
549 1825 793 1858 insectaremur.

246 1897 1539 1911 Ἢ*

281 1935 314 1966 (ι)
331 1935 465 1967 Comple‘m.
484 1937 525 1961 des
540 1938 645 1962 scieuces
663 1938 804 1969 me'dicales,
823 1939 841 1962 1.
860 1948 894 1970 17.
913 1948 968 1971 pag.
988 1948 1037 1970 ¹07·
