1809 2469
920 234 931 275 (
956 235 974 274 4
999 235 1010 277 )

369 316 428 370 40
467 309 767 354 Enumeratio
793 309 1125 371 proprietatum
1157 319 1317 352 notatu
1354 307 1621 371 digniorum

306 383 473 445 quibus
504 382 701 445 gaudent
732 382 982 444 hexagona,
1015 393 1291 444 pentagona,
1319 382 1621 445 quadrilatera

306 469 349 502 et.
386 457 607 519 triangula
642 456 776 501 lineis
813 454 1003 501 secundi
1039 454 1201 517 gradus
1238 473 1344 500 cum
1382 456 1621 518 inscripta,

308 542 405 573 tuni
441 530 799 591 circumscripta.

372 603 428 646 50
465 603 689 647 Notiones
715 614 759 647 et
776 604 1076 664 proprietates
1097 602 1369 664 insigniores
1399 602 1621 648 Polorum

304 686 346 719 et
385 675 633 720 Polarium.

368 747 425 792 60
462 748 668 793 Tandem
706 748 874 793 horum
912 750 1250 811 principiorum
1287 749 1514 810 ejusmodi
1547 767 1621 812 ap—

303 820 570 882 plicationes
597 839 710 884 quae
743 821 882 867 solius
919 822 1108 867 normae
1139 839 1274 866 usum
1301 824 1552 885 requirant.

930 934 986 979 II.

370 1025 615 1088 Praecipua
651 1027 842 1071 actionis
873 1025 1104 1072 chemicae
1136 1026 1373 1072 radiorum
1399 1027 1617 1072 solarium

303 1097 619 1159 phaenomena
655 1117 882 1162 exponere
917 1117 1171 1163 eorumque
1208 1099 1325 1164 leges
1361 1118 1534 1147 eruere.

925 1202 1005 1247 ΙΙΙ.

366 1292 668 1355 Exponantur
693 1284 737 1338 et
765 1294 886 1337 inter
913 1310 958 1338 se
986 1305 1313 1355 comparentur
1333 1294 1533 1340 diversae
1559 1296 1616 1341 de

301 1366 479 1427 origine
512 1383 732 1410 venarum
772 1365 971 1418 metalla,
1009 1365 1186 1428 aliaque
1221 1384 1412 1429 corpora
1446 1368 1615 1413 sossilia

301 1439 642 1484 continentium
678 1438 913 1501 hueusque
947 1441 1204 1502 propositae
1241 1444 1490 1503 opiniones,

700 1573 1207 1597 ——Q-X'w

350 1661 716 1706 Commentationes‚
746 1664 879 1699 Latino
907 1672 1046 1698 tantum
1076 1673 1248 1698 sermone
1271 1662 1550 1704 conficiendae,
1577 1673 1613 1699 et

299 1711 387 1753 alia,
412 1722 521 1754 quam
544 1711 712 1755 ipsorum
733 1722 928 1748 auctorum
942 1739 951 1755 ‚
973 1723 1082 1748 manu
1102 1712 1386 1755 describendae,
1414 1722 1496 1747 ante
1515 1713 1612 1748 diem

299 1759 427 1805 1Junii
450 1760 496 1794 A.
517 1770 561 1794 M.
584 1771 698 1796 Dece.
721 1771 841 1796 XXVIII
870 1771 1066 1797 auctorum
1096 1762 1302 1803 sumtibus,
1325 1762 1367 1796 ad
1389 1762 1614 1797 Academiae

298 1809 518 1843 Actuarium
538 1809 738 1844 mittantur.
768 1811 955 1846 Praeterea
976 1810 1126 1855 singuiis
1151 1810 1541 1845 Commentationibus
1560 1811 1612 1845 in-

298 1858 478 1892 scribatur
499 1858 652 1900 lemma,
682 1859 743 1894 cui
771 1860 923 1894 addatur
943 1860 1119 1895 schedula
1147 1859 1358 1903 obsignata,
1395 1859 1611 1894 Auctorum

297 1907 446 1941 nomina
456 1907 665 1949 continens,
686 1909 799 1951 inque
812 1909 993 1943 exteriore
1013 1919 1115 1953 parte
1126 1908 1258 1942 eodem
1271 1909 1441 1942 lemmate
1460 1908 1609 1952 conspi-

297 1965 376 1990 cua.
398 1956 559 1990 Praemia
578 1967 688 1998 vero,
702 1968 719 1990 e
735 1957 851 2001 Regia
862 1958 1116 1993 munificentia
1131 1957 1336 1992 victoribus
1357 1957 1503 1991 decreta
1515 1983 1525 1997 ‚
1538 1957 1609 1992 dis-

297 2004 504 2039 tribuentur
523 2005 645 2049 primo
660 2006 719 2040 die
742 2006 870 2041 Lunae
888 2007 1022 2042 mensis
1036 2005 1212 2042 Octobris
1226 2005 1273 2040 A.
1288 2016 1331 2040 Μ.
1344 2016 1459 2041 Dece.
1474 2015 1608 2040 xxvm.
