1809 2469
935 225 945 264 (
972 225 1011 263 44
1038 225 1048 265 )

327 311 343 326 >>
361 308 450 336 nem3
472 297 532 327 hoc
556 304 661 328 autem
685 297 802 328 habent
819 297 1056 328 incommodum
1076 309 1138 328 non
1156 298 1325 340 exiguum,
1347 299 1431 341 quod
1453 299 1505 331 vix
1525 300 1645 341 possint

327 362 343 379 ))
360 361 468 381 earum
494 350 621 393 specula
649 351 826 382 continuari
849 351 931 381 ultra
965 350 1037 382 duo.
1077 351 1221 382 Tertium
1248 358 1356 383 autem
1384 364 1484 395 genus
1508 364 1644 384 aureum

326 415 343 434 >³
362 403 449 435 nulla
467 404 562 435 habet
576 404 772 435 incommoda
785 428 792 442 ‚
807 411 839 435 et
854 416 962 435 omnes
977 406 1120 447 priorum
1137 416 1291 447 generum
1304 406 1511 448 proprietates
1528 406 1644 437 habere

326 469 343 487 ))
360 463 477 499 potest,
504 459 529 488 si
553 458 653 488 lentes
678 464 710 488 et
735 458 862 500 specula
889 459 949 489 rite
975 458 1202 500 disponantur,
1231 459 1263 489 h.
1285 470 1313 490 e.
1338 460 1364 490 si
1387 460 1579 501 pertinentia
1605 459 1645 490 ad

326 511 531 553 »imaginem
553 511 698 542 ultimam
723 511 769 553 (ἢ
795 518 827 541 et
848 511 1059 553 penultimam
1082 512 1145 542 sint
1164 513 1319 553 specula,
1348 518 1379 543 et
1399 512 1590 554 pertinentia
1607 512 1647 543 ad

327 564 512 606 »imagines
536 564 671 606 reliquas
692 565 754 594 sint
775 565 890 595 lentes.
922 564 984 595 Nos
1007 566 1113 606 itaque
1139 565 1277 607 exempli
1303 566 1401 607 gratia
1424 576 1527 596 unum
1550 564 1647 608 hujus

327 616 580 658 »perfectissimi
608 617 731 659 generis
754 617 957 659 telescopium
980 617 1204 648 describemus.

370 681 388 699 ))
404 669 449 699 Sit
470 669 535 699 MM
550 669 560 709 (
568 669 630 710 fig.
643 669 674 700 6.
689 669 699 710 )
713 671 880 711 speculum
901 671 1115 713 parabolicum
1133 683 1307 702 concavum
1324 672 1567 713 exquisitissime
1587 683 1646 713 po-

327 735 344 753 »
360 723 471 761 litum⁷
499 723 531 752 in
555 722 646 764 cujus
667 723 736 753 foco
762 730 898 765 ponatur
924 735 1057 766 parvum
1080 724 1247 766 speculum
1271 724 1448 766 ellipticum
1471 735 1646 755 concavum

328 787 447 811 ›³1nm,
483 774 602 805 habens
626 787 829 806 communem
855 776 963 808 focum
994 783 1026 807 et
1053 787 1255 807 communem
1287 788 1379 807 axem
1411 788 1485 808 cum
1518 776 1648 819 speculo

327 841 344 859 >>
361 827 538 871 parabolico
564 840 719 868 concavo,
747 835 780 859 et
804 830 836 859 in
857 829 917 860 hoc
944 830 1007 860 situ
1033 830 1157 872 figatur.
1187 830 1321 872 Oportet
1341 835 1465 868 autem,
1490 835 1525 860 ut
1550 829 1648 873 hujus

327 881 481 924 »speculi
502 881 633 924 elliptici
660 882 748 912 focus
770 882 939 924 praedictus
958 893 1053 924 quam
1076 883 1219 924 proxime
1239 882 1367 913 accedat
1392 882 1431 913 ad
1457 883 1554 925 ipsius
1576 893 1648 914 ver-

327 946 344 965 ))
362 936 471 973 tieem,
495 940 526 964 et
546 934 625 964 alter
646 945 741 977 quam
762 934 943 976 longissime
962 934 1001 964 ab
1019 945 1055 964 eo
1081 934 1184 965 distet.
1211 935 1257 965 Sit
1277 935 1366 966 focus
1387 936 1485 977 ipsius
1503 935 1582 967 alter
1598 935 1650 977 (F)

327 999 344 1018 3)
360 988 393 1018 in
415 989 577 1018 communi
597 998 654 1018 axe
676 987 829 1030 producto
851 993 938 1018 extra
963 987 1129 1029 speculum
1153 987 1384 1030 parabolicum,
1412 994 1444 1019 et
1463 989 1495 1019 in
1514 988 1650 1031 parabo-

328 1041 413 1072 »lici
439 1041 559 1084 speculi
593 1041 710 1072 vertice
742 1046 915 1072 excavetur
950 1040 1092 1071 foramen
1125 1041 1320 1080 rotundum,
1350 1042 1383 1072 in
1412 1053 1475 1084 quo
1510 1048 1649 1084 ponatur

327 1107 345 1126 )>
361 1094 473 1134 tubus,
499 1094 636 1125 eundem
660 1093 778 1124 habens
799 1104 889 1124 axem
913 1105 986 1124 cum
1011 1094 1166 1136 speculis,
1192 1095 1265 1125 satis
1289 1095 1414 1137 amplus
1432 1095 1472 1126 ad
1489 1096 1650 1137 recipien-

328 1161 345 1179 ))
363 1148 416 1179 dos
442 1147 544 1178 radios
565 1147 695 1179 visibilis
713 1159 730 1177 a
750 1146 879 1189 speculo
905 1158 1042 1178 concavo
1062 1147 1202 1189 elliptico
1226 1147 1375 1186 reflexos,
1401 1154 1434 1179 et
1454 1148 1650 1190 producatur

328 1213 345 1232 ))
361 1202 394 1232 in
420 1215 470 1243 μμ
495 1212 588 1243 quam
611 1200 755 1242 proxime
776 1200 835 1241 ipsi
860 1199 930 1229 foco
954 1199 1015 1240 (F)
1043 1205 1075 1229 et
1099 1200 1216 1242 figatur
1239 1200 1272 1230 in
1301 1214 1352 1241 μμ
1375 1200 1445 1231 lens
1470 1201 1649 1243 crystallina

327 1265 501 1287 »convexa
530 1265 639 1285 versus
669 1253 816 1296 specula,
849 1253 1048 1284 convexitate
1079 1252 1220 1283 conoi'dis
1250 1252 1411 1283 densitatis
1440 1253 1651 1295 crystallinae,

328 1320 346 1338 ))
364 1307 455 1350 cujus
472 1307 561 1337 focus
579 1307 716 1337 exterior
730 1306 803 1349 (F),
824 1306 918 1348 plana
934 1312 1042 1337 autem
1064 1306 1101 1337 ad
1125 1312 1227 1349 partes
1246 1306 1331 1337 oculi
1342 1305 1375 1345 ''‚
1389 1306 1403 1348 [
1415 1317 1486 1349 quae
1497 1307 1529 1336 in
1546 1313 1651 1338 nostra

326 1362 426 1404 figura
452 1361 498 1392 6¹²¹
523 1361 666 1391 cernitur
687 1360 724 1390 ad
750 1360 800 1402 ll]
834 1371 852 1390 ))
869 1360 987 1391 habens
1013 1370 1216 1391 communem
1241 1370 1333 1390 axem
1359 1370 1433 1390 cum
1457 1359 1595 1401 speculis
1618 1366 1652 1390 et

328 1425 346 1444 ))
362 1413 455 1452 tubo;
481 1414 606 1455 eritque
627 1413 696 1444 haec
718 1413 836 1443 fabrica
861 1413 1066 1455 telescopium
1085 1413 1242 1455 optimum
1263 1411 1418 1455 presbytis
1440 1412 1650 1452 destinatum3

328 1466 495 1498 »visibilia
528 1467 613 1496 enim
638 1466 813 1509 longinqua
845 1466 936 1497 oculo
961 1466 1162 1508 apparebunt
1190 1477 1247 1508 per
1275 1465 1391 1496 tubum
1417 1465 1651 1497 distinctissime

330 1531 348 1549 ))
364 1519 510 1561 ampliata
532 1531 627 1561 quam
650 1520 794 1561 proxime
816 1520 850 1550 in
871 1520 993 1550 ratione
1011 1519 1231 1550 distantiarum
1248 1519 1405 1550 verticum
1426 1518 1443 1549 ἐι
1464 1519 1541 1550 focis
1562 1530 1651 1550 com-

330 1584 347 1603 ))
364 1573 535 1612 munibus,
565 1579 597 1603 et
627 1572 780 1603 illustrata
811 1572 922 1604 eodem
959 1572 1071 1612 modo,
1103 1584 1167 1615 quo
1198 1572 1412 1603 illustraretur
1444 1572 1566 1603 visibile
1596 1572 1651 1603 tali

330 1625 479 1668 »angulo
506 1626 629 1664 visum,
663 1626 687 1655 si
712 1625 804 1656 modo
834 1626 987 1657 diameter
1018 1626 1207 1668 pertinentis
1233 1625 1272 1656 ad
1304 1625 1477 1668 imaginem
1504 1625 1650 1656 ultimam

331 1691 348 1710 ))
364 1680 526 1721 permittat
551 1689 667 1711 uveam
691 1679 775 1710 oculi
800 1680 893 1711 radiis
917 1679 1075 1723 impleri.’'

418 1731 510 1762 Hisce
533 1737 690 1773 postremo
714 1732 821 1763 addit:

376 1797 394 1815 n
410 1785 457 1815 De
482 1777 665 1816 mechanica
687 1785 802 1817 horum
823 1787 1024 1829 speculorum
1047 1793 1079 1818 et
1098 1786 1254 1826 lentium,
1279 1785 1319 1816 ab
1345 1785 1411 1816 aliis
1436 1785 1554 1816 frustra
1579 1790 1652 1816 ten—

332 1849 350 1868 »
368 1844 452 1876 tata,
478 1849 536 1880 ego
566 1839 599 1868 in
624 1838 816 1870 mechanicis
839 1841 944 1871 minus
970 1847 1110 1873 versatus
1135 1839 1217 1871 nihil
1247 1839 1335 1878 dico3
1366 1838 1516 1869 audacter
1544 1843 1651 1868 tamen

333 1903 350 1921 ))
367 1902 487 1931 assero,
543 1892 672 1933 Opticae
701 1892 937 1935 perfectionem
975 1895 1009 1924 in
1043 1894 1187 1924 lentibus
1223 1898 1257 1923 et
1291 1892 1437 1933 speculis
1478 1891 1651 1932 sphoericis

376 2003 408 2032 (⁴¹)
427 2003 529 2031 Auctor,
552 2008 635 2026 contra
658 2012 727 2027 usum
747 2005 818 2028 hodie
839 2011 958 2037 receptum
971 2024 977 2035 ‚
998 2006 1023 2029 iu
1042 2005 1205 2036 computanda
1224 2004 1357 2035 imaginum
1375 2003 1434 2027 serie
1450 2002 1601 2034 progreditur
1621 2001 1653 2024 ab

330 2043 411 2070 oculo,
436 2050 484 2065 uon
500 2044 529 2065 ab
546 2044 646 2076 objecto.
