1809 2469
788 204 802 248 (
827 207 844 237 3
869 206 880 247 )

209 282 245 312 L.
271 280 311 311 V.
334 280 490 311 RAOUL.
524 278 607 310 Hora
629 278 718 317 VIII,
746 276 857 308 diebus
877 278 994 317 Lunae,
1022 278 1146 318 Martis,
1173 279 1324 310 Mercurii
1353 285 1385 310 et
1411 279 1497 311 Jovis

165 334 359 365 Historiam
380 334 601 364 universalem
622 337 761 362 veterem
785 329 898 361 tradet.

211 386 296 418 Hora
315 387 393 426 VII,
423 385 535 417 diebus
554 385 654 415 Lunae
669 389 701 414 et
717 383 842 422 Martis»,
868 384 1102 425 Xenophontis
1132 384 1373 426 Cyropaediam
1396 385 1498 416 inter—

167 440 355 483 pretabitur.

211 493 329 524 Eadem
345 492 421 523 hora
437 490 547 522 diebus
563 490 714 521 Mercurii
730 495 762 520 et
772 489 791 520 J
793 490 875 528 ovis,
887 491 932 520 A
934 491 1134 532 ntiqaitates
1151 490 1298 521 Graecas
1315 491 1496 534 explicabit.

210 547 240 577 J.
265 546 307 576 M.
332 544 533 575 SCHRANT.
568 544 761 575 Historiam
793 544 971 586 Belgicam
1001 544 1178 575 secundum
1208 546 1374 587 proprium
1402 557 1498 577 suum

167 605 371 642 conspectum
392 598 566 638 enarrabit,
590 597 702 629 diebus
724 599 840 637 Lunae,
866 598 975 629 Martis
999 604 1031 628 et
1051 598 1204 629 Mercurii
1225 598 1302 630 hora
1324 599 1393 629 VII.

210 653 391 693 Proecepta
407 653 490 694 styli
508 652 645 693 Belgica·
661 650 764 690 dabit,
790 650 902 682 diebus
919 651 1006 682 Jovis
1022 657 1054 681 et
1071 651 1221 691 Veneris,
1238 651 1349 682 eadem
1366 652 1453 683 hora.

211 705 404 736 Historiam
428 705 586 736 Criticam
601 705 790 735 Literarum
807 704 1026 746 Belgicarum
1044 703 1149 735 tradet
1162 703 1212 735 die
1223 704 1370 745 Saturni,
1387 705 1497 736 eadem

166 758 254 790 hora.

212 812 252 842 G.
277 811 333 842 W.
358 810 589 842 RASSMANN.
613 809 710 852 Prof.
728 809 910 840 Extraord.
931 809 1095 852 Logioam
1110 810 1236 841 docebit
1251 810 1362 843 diebus
1378 812 1496 851 Lunae,

170 864 295 903 Martis,
320 864 407 896 Jovis
428 870 460 894 et
477 863 629 901 Veneris,
652 862 728 893 hora
753 862 812 892 IX.

210 917 503 957 Metaphysicam,
533 915 644 947 diebus
665 915 817 946 Mercurii
838 921 870 946 et
891 915 1020 946 Saturni
1041 915 1119 946 hora
1146 916 1189 946 X.

211 970 403 1000 Historiam
425 969 673 1010 Philosophia,
702 968 851 1012 adjuncta
878 968 1090 1011 explicatione
1112 968 1209 1013 hujus
1232 969 1359 1002 illiusve
1384 970 1499 1013 dialogi

168 1023 340 1061 Platonici,
362 1022 465 1053 tradet
483 1021 595 1053 diebus
614 1022 765 1053 Mercurii
787 1027 820 1052 et
838 1022 967 1053 Saturni
987 1022 1063 1053 hora
1085 1022 1143 1053 IX.

210 1077 369 1107 Praeterea
400 1076 642 1107 exercitationes
672 1075 859 1106 disserendi
888 1081 922 1106 et
952 1075 1151 1117 disputandi
1181 1075 1399 1107 moderabitur
1423 1076 1500 1107 horti

167 1136 275 1173 postea
297 1129 477 1160 indicanda.

213 1183 243 1213 J.
259 1183 296 1212 R.
319 1182 585 1213 THORBECKE.
611 1181 707 1225 Prof.
731 1183 912 1213 Extraord.
944 1183 1136 1214 Historiam
1159 1184 1304 1225 Europae
1322 1184 1502 1225 politicam

173 1234 344 1279 explicabit
367 1234 479 1265 diebus
498 1236 615 1274 Lunae,
637 1236 789 1266 Mercurii
810 1241 841 1266 et
859 1235 1008 1275 Veneris,
1032 1236 1109 1267 hora
1121 1237 1179 1267 XI.

214 1289 410 1318 Statisticen
430 1298 504 1318 cum
529 1288 726 1330 generalem,
752 1288 858 1318 habita
882 1288 978 1320 simul
998 1290 1120 1320 ratione
1146 1290 1378 1333 principiorum
1407 1291 1500 1321 Ἐσσ-

169 1342 300 1373 nomiae
317 1341 497 1383 politicae,
522 1347 592 1372 tum
614 1340 784 1384 specialem
809 1341 932 1384 Magnae
951 1342 1142 1382 Britanniae,
1165 1343 1308 1376 Franciae
1330 1350 1363 1375 et
1386 1344 1501 1376 Patriae

170 1401 304 1436 nostrae,
330 1393 441 1426 diebus
461 1394 585 1435 Martis,
607 1395 693 1427 Jovis
714 1401 746 1426 et
765 1395 911 1436 Saturni,
934 1395 1011 1427 hora
1031 1396 1088 1426 XI.

588 1508 717 1555 Ordo
771 1509 1083 1556 Medicorum.

214 1617 245 1649 J.
262 1617 299 1648 C.
317 1616 405 1648 VAN
427 1616 699 1647 ROTTERDAM.
715 1616 849 1647 Praxin
864 1617 1026 1648 medicam
1043 1617 1183 1658 docebit,
1205 1617 1317 1649 diebus
1331 1618 1498 1657 Mercurii,

170 1672 256 1705 Jovis
279 1677 312 1702 et
334 1671 479 1709 Saturni,
506 1670 583 1701 hora
608 1669 750 1700 deeimd.

214 1726 312 1756 Porro
327 1725 360 1755 in
375 1724 560 1755 Nosocomio
575 1724 764 1754 Academico
779 1724 1017 1755 Institzitiones
1032 1725 1173 1756 clinicus
1190 1724 1229 1755 ab
1243 1725 1334 1756 initio
1349 1725 1387 1756 ad
1403 1726 1497 1756 [inem

170 1778 364 1818 scholarum,
380 1777 457 1809 hora
471 1777 580 1808 medici
595 1783 668 1808 ante
682 1789 821 1814 nonam,
837 1777 1069 1817 moderabitur,
1084 1778 1224 1820 exceptis
1235 1778 1346 1809 diebus
1356 1779 1496 1809 Saturni.

214 1832 362 1874 Denique
378 1831 556 1872 Principia
582 1831 842 1872 Therapeutica,
871 1832 1145 1863 Institutionibus
1160 1833 1292 1863 clinicis
1311 1833 1495 1874 adaptata,

170 1887 204 1917 in
227 1885 339 1917 eodem
358 1885 543 1916 Nosocomio
566 1885 747 1928 explicabit.

215 1939 249 1970 Ji
270 1939 307 1969 L.
330 1938 590 1969 KESTELOOT.
618 1939 852 1971 Institutiones
880 1940 1113 1983 Pathologz'ae,
1141 1940 1319 1971 secundum
1345 1950 1498 1982 conspec-

171 1999 242 2024 tum
261 2004 372 2024 suum:
394 1993 571 2025 Elementa
595 1992 830 2036 Pathologioe,
855 1992 1043 2037 explicabit,
1066 1992 1178 2025 diebus
1198 1994 1317 2034 Lunae,
1338 1993 1446 2024 Martis
1467 1999 1499 2023 et

171 2045 338 2086 Mercurii,
363 2045 441 2077 hora
465 2046 652 2077 undecima.
