1809 2469
920 213 1034 255 (38)

318 294 378 318 tota
404 287 577 329 Telescopii
606 287 807 324 Heveliani,
839 285 923 328 quod
948 286 1091 316 omnium
1121 285 1361 328 telescopiorum
1392 287 1633 329 catadioptrico-

315 352 387 372 rum
406 340 451 382 (*)
471 342 614 382 primum
638 347 670 371 et
693 340 965 382 antiquissimum
990 344 1050 377 est,
1077 340 1267 369 constructio
1292 339 1473 370 absolvitur.
1499 340 1633 371 Brevius

315 395 423 435 itaque
444 399 545 435 potest
569 393 709 431 definiri,
741 393 826 435 quod
852 393 891 423 sit
915 392 1121 434 telescopium
1148 392 1373 423 Galiloeanum
1397 404 1488 424 axem
1514 393 1634 424 habens

315 446 373 477 sub
390 446 505 488 angulo
525 452 609 476 recto
630 447 783 485 fractum,
808 446 851 476 ita
872 450 909 475 ut
928 444 1006 474 radii
1024 456 1040 474 a
1062 444 1148 475 lente
1165 444 1318 488 objectiva
1341 457 1405 476 non
1421 445 1556 485 directe,
1579 446 1634 477 sed

316 498 445 529 demum
470 505 538 540 post
558 498 776 537 reflexionem,
799 497 837 528 ab
862 496 1026 539 interjecto
1046 497 1174 539 speculo
1198 498 1292 540 plano
1314 498 1472 537 effectam,
1499 498 1538 529 ad
1558 498 1630 529 len-

317 558 381 582 tem
403 552 560 582 oculareni
583 553 779 593 perveniant.
805 551 850 581 Ut
871 561 944 581 vero
960 549 1055 593 hujus
1070 551 1273 581 instrumenti
1295 562 1369 582 usus
1384 551 1477 581 latius
1494 557 1631 593 pateret,

316 604 435 646 illoque
455 605 549 634 etiam
575 604 694 647 objecta
723 603 859 645 conspici
885 609 1026 645 possent,
1057 614 1127 645 quze
1148 603 1240 634 oculo
1266 603 1304 634 ab
1332 603 1498 646 interjecto
1527 604 1634 646 aliquo

317 668 462 698 corpore,
489 656 582 687 radiis
597 657 676 687 lucis
696 657 850 698 impervio
863 680 870 694 ‚
893 656 1103 697 obteguntur,
1128 662 1237 686 auctor
1250 680 1258 695 ‚
1281 656 1463 698 appendicis
1483 657 1566 696 loco,
1587 657 1633 687 illi

317 709 437 739 addidit
458 709 573 739 tubum
598 709 698 747 EFG,
725 708 763 738 ad
788 709 811 738 F
832 708 933 738 simile
953 707 1118 749 speculum
1141 708 1272 749 planum
1293 708 1504 747 metallicum,
1526 714 1558 739 et
1576 708 1635 739 sub

317 762 426 792 eodem
454 761 571 803 angulo
600 761 638 790 ad
670 772 760 791 axem
787 760 996 798 inclinatum,
1027 761 1262 798 continentem,
1298 760 1389 802 cujus
1416 766 1558 791 extremo
1587 762 1633 799 E,

316 813 385 844 tubi
414 812 496 843 ABD
522 818 699 843 extremum
725 813 769 851 D,
796 813 891 842 inseri
917 817 1029 854 posset.
1067 813 1107 842 Et
1128 813 1377 843 instrumentum
1408 813 1451 843 sic
1479 814 1635 855 composi-

317 872 386 897 tum
419 866 542 896 vocavit
570 865 875 906 Polemoscopium‚
912 866 933 895 i.
963 876 991 895 e.
1029 865 1253 905 Telescopium
1280 865 1449 901 bellicum,
1484 866 1635 907 quoniam

318 925 459 960 tempore
483 917 649 947 obsidionis
675 928 692 947 e
722 917 817 948 lorica
845 929 902 959 per
923 917 1002 948 illud
1028 917 1290 959 prospicientibus
1315 923 1384 948 tuto
1412 923 1444 948 et
1471 918 1635 950 commode

317 971 481 1013 explorare
501 970 593 1008 licet,
617 970 695 1012 quid
716 969 755 1000 ab
770 969 910 1000 hostibus
931 975 1018 1000 extra
1034 980 1157 1008 mur05,
1177 970 1258 1000 circa
1279 969 1411 1009 fossam,
1429 976 1488 1001 etc.
1511 977 1634 1013 agatur.

318 1025 357 1053 Et
382 1023 523 1065 profecto
549 1033 584 1052 ea
615 1034 690 1053 cura
721 1028 788 1052 erat
815 1022 995 1065 dignissima
1030 1023 1096 1054 viro
1127 1023 1271 1065 principe
1298 1024 1432 1054 civitatis
1463 1023 1570 1054 liberae
1603 1030 1636 1055 et

317 1077 590 1107 munimentorum
614 1075 911 1117 inexpugnabilium
936 1076 1020 1106 fama
1041 1075 1274 1114 celeberrimae,
1303 1081 1341 1106 ut
1368 1076 1476 1117 patriae
1497 1075 1635 1107 libertati

318 1128 464 1166 tuendae,
490 1138 682 1169 quacunque
706 1133 806 1169 posset
832 1129 971 1167 ratione,
998 1128 1200 1170 prospiceret.

361 1181 428 1211 Hoc
453 1181 658 1222 telescopium
686 1181 912 1211 Ηευείἱαηιιιη
935 1180 1080 1222 pluribus
1106 1179 1264 1221 palmariis
1298 1179 1414 1221 gaudet
1443 1180 1635 1220 virtutibus,

318 1234 401 1263 inter
436 1244 512 1275 quas
546 1233 721 1274 principem
751 1232 857 1263 locum
888 1238 1022 1274 occupat
1054 1233 1131 1262 situs
1169 1232 1278 1273 capitis
1309 1231 1577 1263 commodissimus
1605 1239 1637 1263 et

318 1291 440 1315 naturae
470 1285 606 1315 maxime
637 1286 848 1324 conveniens,
889 1297 985 1327 quem
1020 1284 1165 1315 concedit
1201 1285 1234 1314 in
1273 1283 1474 1315 observandis
1508 1284 1637 1328 objectis

319 1344 494 1379 utcumque
515 1336 643 1367 elevatis
664 1343 759 1378 atque
785 1338 842 1379 ipsi
864 1338 942 1368 adeo
962 1338 1072 1370 vertici
1091 1336 1339 1368 imminentibus.

362 1389 453 1419 Hisce
486 1389 656 1419 commodis
681 1388 830 1420 effectum
858 1396 924 1428 est,
961 1396 998 1421 ut
1026 1389 1075 1421 vel
1106 1389 1215 1420 eadem
1245 1389 1346 1419 forma
1377 1389 1544 1429 indutum,
1574 1402 1636 1432 qua

320 1447 429 1472 auctor
450 1442 515 1482 ipse
536 1441 615 1472 illud
636 1442 757 1483 primus
783 1442 1011 1481 fabrefecerat‚
1039 1442 1089 1474 vel
1108 1443 1141 1473 in
1162 1442 1268 1473 locum
1290 1442 1383 1473 lentis
1403 1443 1537 1473 ocularis
1559 1454 1637 1474 con-

320 1505 405 1524 cavae
429 1493 596 1524 substituta
618 1494 703 1525 lente
728 1506 887 1535 convexa,
913 1497 1097 1538 frequenter
1118 1494 1337 1534 adhiberetur,
1360 1495 1518 1537 hodieque
1544 1496 1638 1527 adhi-

320 1547 432 1577 beatur
452 1547 668 1576 instrumentis
692 1549 889 1589 geometricis
909 1554 1004 1590 atque
1027 1547 1251 1579 astronomicis.

364 1598 414 1628 Sic
439 1597 615 1628 adhibitum
642 1598 705 1629 suit
731 1611 747 1629 a
769 1600 908 1637 Birdio,
938 1600 1166 1643 quadrantibus
1189 1599 1363 1630 muralibus
1394 1600 1639 1632 Grenovicensi-

366 1719 410 1748 ζ’)
428 1719 522 1748 Quippe
539 1719 664 1742 Zucclu‘us
683 1720 833 1749 Parmensis,
853 1722 906 1751 qui,
925 1722 1064 1744 observante
1081 1722 1212 1751 Klis'gelio,
1233 1721 1285 1750 (ad
1306 1722 1434 1750 Priestleji
1450 1721 1582 1744 Historiam
1597 1729 1639 1752 op—

324 1759 392 1786 tices‚
408 1766 432 1787 p.
451 1758 513 1785 566)
534 1758 559 1780 in
578 1758 640 1780 libro
660 1766 724 1781 anno
742 1760 796 1782 1652
815 1760 938 1790 impresso,
965 1761 1060 1787 asserit,
1083 1768 1105 1783 se
1124 1762 1172 1789 jam
1190 1768 1253 1783 auno
1275 1761 1330 1782 1616
1347 1761 1399 1783 loco
1421 1761 1493 1783 lentis
1515 1761 1638 1791 objectivae

322 1797 443 1827 colligasse
459 1797 581 1826 speculum
600 1805 731 1820 concavum
748 1806 801 1821 cum
821 1800 884 1822 lente
904 1800 995 1822 oculari
1011 1800 1100 1829 pariter
1120 1808 1224 1823 concava
1240 1800 1271 1822 ad
1291 1800 1466 1823 conficiendum
1486 1801 1638 1831 telescopium

322 1836 534 1865 catadioptricum‚
563 1841 586 1858 et
605 1836 649 1858 hoc
668 1837 854 1861 instrumentum
872 1839 1064 1869 contemplandis
1089 1839 1187 1869 objectis
1203 1839 1242 1862 vel
1264 1839 1410 1867 coelestibuS,
1437 1839 1475 1862 vel
1491 1839 1639 1862 terrestribus

322 1882 377 1897 cum
396 1882 500 1897 successu
519 1875 667 1903 adhibuisse,
686 1881 746 1899 certe
764 1884 813 1900 non
827 1879 902 1909 magis
919 1879 1053 1902 audiendus
1069 1883 1115 1908 est,
1134 1886 1207 1909 quam
1225 1879 1372 1901 Franciscus
1391 1880 1522 1907 Fulmina,
1544 1880 1639 1902 inventi

325 1914 443 1943 telescopii
460 1914 625 1942 astronomici,
647 1915 714 1943 cujus
733 1915 916 1947 descriptionem
931 1919 1053 1948 Keplerus
1068 1919 1094 1940 in
1111 1919 1256 1948 Dioptrica,
1277 1918 1326 1946 jam
1344 1925 1408 1940 auno
1426 1919 1480 1940 1611
1502 1918 1567 1941 edita
1579 1936 1585 1946 ‚
1602 1919 1639 1941 di-

319 1953 481 1983 wulgaverat,
500 1953 601 1984 gloriam
616 1954 661 1977 sibi
679 1954 806 1979 vindicans
819 1957 845 1980 in
862 1957 932 1982 novis
952 1958 1098 1981 terrestrium
1116 1962 1140 1980 et
1157 1958 1288 1981 eoetesiium
1308 1957 1514 1981 observationibus
1536 1958 1639 1988 Neapoli

324 2000 345 2016 a.
366 1993 421 2015 1646
438 1992 515 2017 editis.
