1809 2469
879 247 991 289 (82)

272 323 382 361 tarios,
399 323 454 365 qui
466 322 508 353 ibi
520 322 727 353 observantur
739 327 774 353 ut
788 321 1026 364 respirationem
1041 333 1097 364 per
1112 333 1258 354 somnum
1272 324 1445 357 faciliorem
1457 324 1601 357 reddant.

272 376 384 407 Itidem
408 387 515 407 ramus
537 375 633 418 hujus
654 376 760 415 nervi,
788 376 844 417 qui
865 376 898 406 in
918 376 1011 407 oculo
1030 387 1096 407 sese
1118 377 1293 415 distribuit,
1319 384 1351 409 et
1375 379 1431 421 qui
1454 379 1604 411 motubus

272 430 358 460 illius
374 430 483 472 organi
502 429 663 471 praesidet,
686 428 763 460 duas
779 429 961 460 functiones
975 429 1117 461 haberet.
1139 431 1209 473 Ope
1225 431 1353 463 illorum
1369 432 1603 464 filamentorum

272 494 487 521 nerveorum,
519 494 575 524 pro
608 482 771 514 voluntate
797 482 907 513 liceret
934 483 1099 525 palpebras
1124 484 1312 524 occludere,
1341 491 1373 516 et
1398 486 1508 518 eadem
1537 486 1605 518 haec

274 537 433 568 [ilamenta
461 537 651 568 inservirent
675 543 707 568 et
727 536 865 567 motibus
887 537 1124 576 involuntariis,
1150 538 1206 579 qui
1231 538 1462 570 nictitationem
1488 541 1607 571 consti-

273 597 387 629 tuunt,
411 602 482 633 quae
502 591 657 621 nictitatio
679 590 764 621 valet
785 590 823 621 ad
844 590 998 634 lacrymas
1018 602 1113 634 supra
1131 591 1347 623 membranam
1369 592 1606 636 conjunctivam

275 644 515 686 expandendas,
541 644 635 685 eique
657 645 701 674 sic
726 644 911 686 adspectum
937 656 1032 675 suum
1059 645 1219 676 lucentem
1245 646 1402 677 conciliat.
1433 646 1608 678 Necessitas

273 697 371 741 hujus
392 697 632 728 lubrefactionis
666 696 793 728 abunde
829 704 934 740 patet,
967 698 1043 730 dum
1070 699 1252 738 intuemur,
1282 699 1369 742 quod
1399 700 1607 732 inflammatio

275 751 358 781 oculi
382 751 636 793 suppressionem
657 750 870 794 lacrymarum
897 758 1077 783 constanter
1099 752 1297 794 insequatur.

320 805 555 846 Experimentis
581 816 597 835 a
622 804 661 835 cl.
684 804 754 835 Bell
780 806 932 836 institutis
957 805 996 836 de
1021 806 1126 836 nervis
1153 806 1238 835 tertii
1268 806 1351 847 paris
1375 806 1441 837 sive
1468 807 1608 838 motor-iis

276 858 501 889 communibus
523 857 704 897 oculorum,
728 864 850 889 constat
868 858 954 900 quod
972 857 1026 889 ille
1047 869 1178 897 nervus,
1200 859 1256 901 qui
1279 859 1502 891 tantummodo
1521 871 1611 891 mus-

276 912 356 943 culis
372 912 456 943 oculi
473 912 611 943 ramulos
626 923 698 943 suos
714 911 890 951 distribuit,
906 923 1025 944 nervus
1039 912 1079 942 sit
1095 913 1298 950 voluntatis,
1316 913 1408 956 cujus
1424 925 1483 956 ope
1498 914 1611 946 oculus

276 978 342 997 sese
370 977 477 997 versus
502 965 624 1008 objecta
650 966 769 1007 dirigit.

320 1019 446 1050 Nervus
467 1019 647 1060 patheticus
671 1020 736 1048 site
763 1031 820 1060 par
838 1025 988 1060 quartum
1011 1020 1192 1049 executioni
1214 1025 1360 1050 motuum
1379 1020 1611 1051 insensibilium

277 1073 367 1104 bulbi
390 1071 525 1102 ocularis
546 1070 668 1101 dicatus
688 1076 750 1109 est,
777 1072 824 1101 uti
849 1070 1018 1112 probatum
1042 1071 1121 1109 fuit,
1147 1077 1252 1101 motus
1272 1071 1361 1102 bulbi
1381 1072 1516 1103 ocularis
1537 1085 1611 1104 cum

279 1126 417 1157 motibus
448 1124 674 1167 palpebrarum
707 1124 800 1162 unit,
835 1122 1031 1165 oculumque
1062 1124 1167 1164 ipsum
1198 1123 1231 1153 iu
1262 1124 1384 1154 ratione
1414 1125 1506 1166 ponit
1538 1137 1612 1156 cum

280 1185 448 1223 systemate
469 1178 682 1220 respiratorio.

323 1233 449 1264 Nervus
470 1232 660 1274 trigeminus
680 1232 746 1262 sive
771 1231 922 1273 quintum
947 1242 1018 1273 par,
1045 1230 1233 1261 universalis
1256 1241 1375 1262 nervus
1396 1237 1442 1262 est
1462 1232 1616 1263 sensatio-

280 1299 360 1319 num
383 1297 440 1329 pro
460 1285 563 1328 capi-te
582 1291 614 1315 et
634 1285 732 1324 facie,
756 1296 814 1327 pro
838 1285 905 1315 cuti
926 1289 958 1315 et
977 1283 1061 1315 oculi
1082 1284 1327 1326 superficiebus,
1350 1296 1407 1327 pro
1428 1285 1617 1317 cavitatibus

282 1342 347 1373 nasi
365 1347 397 1372 et
416 1341 494 1379 oris,
515 1345 547 1371 et
567 1350 624 1382 pro
643 1339 765 1381 lingua.
785 1338 912 1370 Nervus
932 1337 1000 1377 hic,
1022 1336 1114 1380 cujus
1130 1337 1217 1379 origo
1233 1337 1351 1380 duplex
1368 1343 1430 1376 est,
1451 1338 1616 1381 ganglium

283 1394 433 1438 possidet:
452 1399 499 1425 est
519 1404 638 1424 nervus
653 1393 799 1434 spinalis
815 1392 950 1433 capitis.
973 1390 1148 1423 Columbus
1167 1391 1269 1422 virum
1287 1391 1435 1433 cognovit
1450 1392 1504 1433 qui
1521 1397 1618 1432 gustu

284 1450 414 1480 omnino
434 1447 576 1485 carebat,
598 1448 639 1478 ita
662 1453 699 1478 ut
720 1457 924 1489 quaecunque
948 1444 1230 1483 eirofferebantnr,
1252 1443 1370 1486 absque
1391 1455 1428 1475 eo
1446 1450 1482 1475 ut
1502 1444 1619 1476 exinde

285 1504 457 1534 minimum
492 1501 713 1544 repugnantia:
743 1511 871 1531 sensum
902 1500 1122 1542 experiretur,
1154 1504 1349 1538 assuuieret3
1379 1510 1443 1541 quo
1473 1505 1619 1537 mortuo,

287 1556 462 1588 Columbus
483 1555 582 1598 hujus
603 1555 814 1598 dispositionis
834 1566 961 1586 causam
985 1552 1195 1596 cognoscendi
1216 1552 1368 1594 cupidus,
1391 1553 1515 1584 invenit
1534 1552 1620 1595 quod

288 1621 405 1641 nervus
432 1609 536 1652 quinti
562 1609 645 1651 paris
668 1608 912 1640 desideraretur.
938 1608 1050 1650 ltaque
1075 1606 1252 1638 secundum
1275 1606 1468 1637 numerandi
1494 1606 1621 1637 metho-

289 1664 382 1702 dum,
409 1674 480 1705 qnae
503 1668 582 1693 tunc
604 1661 746 1705 vigebat,
772 1663 923 1705 quintum
951 1661 1029 1693 illud
1055 1673 1112 1705 par
1132 1659 1385 1691 constituebatur
1406 1671 1464 1702 per
1483 1670 1621 1691 nervum

290 1716 480 1758 lingualem,
498 1717 555 1758 qui
576 1727 700 1747 ramum
724 1717 888 1747 constitnit
907 1716 1006 1758 ipsius
1026 1715 1117 1747 nervi
1138 1713 1310 1745 maxillaris
1329 1713 1488 1744 inferioris
1507 1713 1566 1754 (1).

334 1770 432 1801 Nervi
461 1770 565 1811 quinti
592 1770 674 1810 paris
703 1770 787 1800 vices
815 1775 916 1811 agunt
940 1780 1112 1800 nervorum
1138 1779 1312 1807 sensuum,
1342 1772 1374 1797 et
1402 1767 1436 1796 in
1463 1765 1623 1808 aliquibus

292 1822 506 1855 animantibus
528 1823 635 1865 magni
661 1827 736 1853 sunt
764 1823 939 1861 momenti,
968 1822 1017 1853 uti
1043 1821 1124 1852 illud
1151 1820 1279 1863 egregie
1305 1818 1529 1850 animadvertit
1555 1818 1623 1849 Cel.

292 1879 486 1910 Treviranus
510 1876 671 1907 Professor
695 1876 875 1908 Bremensis
896 1876 954 1918 (2).
981 1877 1110 1907 Primus
1133 1875 1215 1905 Zinn
1239 1873 1285 1915 (3)
1307 1883 1340 1903 se
1366 1871 1624 1903 animadvertisse

354 1992 398 2019 (1)
415 1989 490 2013 Anat.
507 1989 627 2017 Satmfier,
648 1996 703 2019 pag.
720 1989 771 2017 273.
791 1988 872 2016 Paris,
895 1989 961 2018 1781.

354 2031 397 2060 (τι)
414 2030 547 2060 ΟοιῃΡῙέηῑ.
566 2030 594 2052 de
614 2030 699 2052 scienc.
715 2029 778 2052 meld.
799 2030 855 2052 Vol.
872 2030 932 2057 XV,
953 2036 1006 2059 pag.
1024 2036 1074 2057 ⁹07·

355 2071 398 2098 (3)
417 2070 451 2092 De
468 2069 606 2092 differentia
619 2069 715 2092 fabrica:
731 2069 795 2092 oculi
811 2069 913 2091 humani
927 2073 950 2091 et
966 2069 1090 2091 brutorum
1107 2067 1119 2096 §
1134 2075 1153 2088 1.
1170 2067 1199 2088 Iu
1214 2068 1344 2088 comment.
1360 2071 1405 2086 soc.
1424 2070 1471 2093 reg.
1487 2062 1625 2093 Gothiugae.

296 2109 365 2132 Tom.
385 2110 433 2138 IV,
453 2117 506 2141 pag.
525 2116 575 2139 247.
