1809 2469
907 228 1019 271 (18)

299 325 405 350 autem
433 330 468 349 ae
492 319 640 349 societate
665 317 805 349 humana
835 315 917 347 nihil
942 315 994 348 vel
1019 315 1121 356 lucri,
1147 316 1198 348 vel
1220 317 1377 348 commodi
1402 317 1454 350 vel
1479 317 1634 349 mercedis

300 382 459 426 polliceri,
484 382 633 425 equidem
659 388 744 413 certe
762 393 827 412 non
846 381 954 420 video,
979 381 1074 424 quale
1097 380 1240 412 medium
1261 381 1433 412 desiderari
1456 387 1512 413 aut
1536 393 1633 413 exco-

301 448 393 489 gitari
421 447 515 489 possit
538 447 641 488 aptius
667 452 699 477 et
722 445 879 476 efficacius
905 444 943 475 ad
970 444 1172 475 Platonicum
1197 445 1403 475 scientiarum
1434 455 1575 475 amorem
1600 444 1633 475 in

301 509 457 554 juvenum
484 510 596 540 animis
617 509 666 540 vel
693 508 899 540 excitandum
920 507 971 539 vel
993 507 1156 539 alendum.

346 573 453 603 Restat
476 573 590 615 igitur,
615 578 652 603 ut
676 573 811 603 strictim
835 571 1058 614 expediamus,
1082 570 1241 613 quomodo
1264 571 1472 602 Astronomiae
1493 569 1636 601 studium

303 635 537 666 instituendum
559 635 615 674 sit,
644 640 682 665 ut
707 634 784 665 huic
810 633 939 665 consilio
963 633 1163 676 respondeat.

348 699 506 737 Quocirca
533 705 606 729 ante
631 698 736 729 omnia
763 698 958 729 monendum
983 704 1048 737 est,
1082 698 1248 741 vulgarem
1275 697 1463 728 methodum
1485 697 1639 727 Astrono-

304 763 400 793 miam
418 761 590 800 tractandi,
610 761 778 804 hucusque
799 761 886 803 apud
904 772 960 791 nos
977 760 1167 799 adhibitam,
1189 760 1267 791 huic
1289 771 1382 802 scopo
1399 771 1463 790 non
1482 759 1638 790 sufficere.

305 826 436 868 Quippe
465 824 626 856 tradendis
656 824 867 856 solutionibus
894 824 1058 868 analyticis
1082 825 1244 867 potiorum
1275 823 1532 866 problematum,
1566 833 1641 866 quae

305 900 377 933 pars
401 889 540 920 theorica
561 895 593 920 et
613 889 742 932 physica
768 888 975 920 Astronomiae
996 887 1108 927 offert,
1134 898 1175 918 ne
1198 888 1391 919 centesimus
1410 887 1546 930 quisque
1566 898 1642 918 nos-

306 959 428 984 trorum
451 952 626 996 juvenum,
654 958 691 984 ut
711 952 751 983 ad
771 951 870 995 hujus
892 951 1067 994 disciplinae
1086 951 1230 983 studium
1254 952 1399 982 animum
1419 950 1565 994 adjiciat,
1590 950 1643 981 in-

307 1017 382 1048 duci
401 1017 528 1059 poterit.
546 1016 767 1059 Incipiendum
785 1017 890 1059 potius
906 1028 922 1046 a
943 1017 1082 1059 practico
1096 1015 1256 1058 sphaericae
1270 1015 1369 1058 partis
1383 1014 1487 1046 studio
1503 1014 1642 1056 artisque

308 1079 495 1112 observandi
518 1081 691 1119 exercitiis,
712 1091 793 1119 non,
815 1085 853 1111 ut
877 1090 986 1110 omnes
1010 1079 1191 1110 Astronomi
1213 1080 1306 1118 fiant,
1328 1078 1383 1110 sed
1408 1084 1445 1109 ut
1465 1089 1520 1109 sua
1543 1088 1644 1120 expe-

308 1144 422 1175 rientia
452 1144 704 1184 convincantur,
745 1142 894 1174 omnibus
927 1148 1037 1184 patere
1073 1141 1195 1173 aditum
1230 1141 1271 1173 ad
1303 1142 1468 1172 scientiam
1499 1141 1644 1172 omnium

309 1208 448 1238 maxime
469 1207 654 1246 sublimem,
680 1213 718 1238 ut
737 1206 874 1245 discant,
900 1217 964 1248 qua
984 1206 1034 1236 via
1056 1216 1093 1236 eo
1115 1206 1284 1248 pervenire
1300 1207 1435 1248 possint,
1460 1211 1563 1247 utque
1589 1215 1645 1236 vo—

309 1269 432 1313 luptate
461 1281 498 1301 ex
523 1271 626 1313 primo
648 1281 781 1301 succesu
805 1276 895 1313 capta
919 1270 958 1301 ad
982 1281 1167 1312 progressus
1191 1270 1358 1301 ulteriores
1383 1269 1591 1300 stimulentur
1615 1275 1647 1300 et

310 1334 551 1365 confirmentur.
579 1334 646 1365 Hoc
666 1340 773 1365 autem
796 1340 833 1365 ut
852 1335 919 1365 fieri
938 1334 1051 1376 possit,
1069 1334 1293 1365 observatorio
1313 1344 1393 1376 opus
1414 1339 1475 1372 est,
1500 1344 1564 1375 quo
1583 1333 1648 1364 huc

310 1408 414 1440 usque
436 1408 591 1428 caremuS.
617 1398 726 1428 Liceat
747 1398 846 1440 igitur
866 1397 906 1428 ad
927 1397 1006 1437 Vos,
1031 1397 1101 1428 Viri
1119 1397 1329 1436 Nobilissimi,
1352 1396 1470 1440 quibus
1494 1408 1570 1428 cura
1595 1396 1647 1429 vel

311 1461 460 1492 universe
481 1461 625 1492 omnium
643 1460 879 1492 academiarum
896 1460 947 1492 vel
963 1462 1127 1503 speciatim
1143 1460 1242 1505 hujus
1256 1466 1370 1491 nostrae
1385 1466 1456 1491 tum
1479 1459 1648 1491 academiae

311 1530 381 1555 tum
400 1523 488 1554 urbis
513 1523 701 1554 demandata
718 1530 781 1564 est,
804 1523 899 1555 liceat
917 1525 1063 1566 inprimis
1087 1524 1126 1555 ad
1147 1524 1212 1564 Te,
1238 1524 1421 1567 dignissime
1440 1523 1540 1568 hujus
1561 1523 1648 1555 urbis

313 1586 440 1627 consul,
473 1598 570 1630 quem
598 1587 768 1630 utriusque
799 1587 923 1630 collegii
954 1587 1092 1619 sodalem
1122 1599 1330 1629 veneramur,
1362 1599 1414 1619 me
1442 1594 1648 1625 convertere,

314 1656 490 1693 vestraeque
506 1649 712 1681 sollicitudini
728 1650 812 1681 hanc
826 1657 997 1694 urgentem
1013 1651 1182 1683 academiae
1199 1657 1313 1684 nostrae
1327 1652 1538 1695 indigentiam
1555 1651 1649 1682 enixe

314 1713 548 1747 commendare.
575 1713 730 1745 Praeclare
750 1714 882 1757 quidem
905 1715 945 1747 de
961 1715 1058 1747 Musis
1079 1716 1185 1747 meriti
1205 1717 1279 1748 estis
1298 1721 1459 1748 exstructo
1479 1715 1649 1758 magnifico

316 1778 435 1821 templo
460 1778 590 1810 illarum
615 1779 718 1810 cultui
741 1785 941 1820 consecrato,
969 1779 1024 1812 sed
1050 1779 1140 1811 obliti
1167 1781 1258 1820 estis,
1282 1798 1325 1804 --
1350 1791 1414 1811 non
1439 1780 1507 1810 sine
1538 1778 1651 1811 acerbo

318 1842 433 1874 doloris
450 1853 545 1873 sensu
567 1842 636 1874 haec
657 1842 752 1875 verba
773 1843 862 1875 effari
884 1855 1011 1887 possum
1026 1862 1070 1869 —
1086 1844 1176 1876 obliti
1196 1845 1271 1876 estis
1290 1843 1371 1875 divae
1391 1844 1556 1880 Uranzes,
1579 1854 1652 1886 quae

318 1907 458 1950 reliquas
473 1908 523 1938 uti
543 1906 754 1948 sublimitate,
774 1907 816 1939 ita
835 1908 985 1940 modestia
1004 1914 1144 1952 superat.
1168 1906 1247 1940 ‘'Haec
1266 1907 1385 1938 etenim
1402 1912 1526 1937 tantum
1547 1905 1650 1944 abest,

321 1976 358 2002 ut
376 1971 491 2015 palatia
512 1971 645 2011 ambiat,
662 1971 817 2014 regumve
835 1978 939 2005 turres
953 1974 1074 2017 exigat,
1095 1979 1133 2005 ut
1154 1973 1259 2016 potius
1277 1971 1373 2002 luxus
1394 1977 1426 2002 et
1441 1969 1652 2013 magnificen-

320 2035 373 2067 tiae
398 2036 564 2068 ostentatio
591 2036 652 2079 ipsi
676 2037 765 2068 oneri
787 2048 823 2068 ac
845 2037 942 2069 taedio
966 2038 1024 2078 sit,
1053 2043 1156 2080 utque
1184 2034 1235 2068 vel
1263 2035 1399 2078 tuguriis
1426 2033 1524 2076 recipi
1546 2038 1651 2072 amet,
