1809 2469
802 213 915 256 (53)

192 286 320 318 calcaris
349 288 407 330 qui
437 293 516 319 tunc
545 288 674 319 crassior
701 292 764 327 est,
796 286 971 329 praesertim
1003 287 1037 317 in
1066 287 1130 317 imo
1161 285 1239 319 tubo
1268 286 1280 330 (
1284 287 1350 330 fig.
1374 288 1427 318 12.
1456 286 1521 326 ab,-

197 340 279 372 Tab.
307 341 354 372 V
350 341 382 372 Ι.
395 341 417 383 )

544 426 601 456 III.
647 426 704 457 De
732 426 868 468 organis
896 425 1169 467 reproductionis.

766 511 790 554 S
834 511 950 543 LXVI.

236 599 272 629 In
293 597 369 628 flore
395 596 542 628 Orchidis
564 597 705 628 latifoliae
726 597 789 628 duo
814 598 945 629 stamina
971 603 1004 628 et
1029 609 1130 628 unum
1155 597 1328 640 pistillum,
1351 599 1386 629 in
1405 608 1520 637 unam,

192 650 241 682 uti
261 650 374 682 dicunt
393 650 547 690 botanici⁷
569 651 750 682 columnam
772 650 941 694 conjuncta
963 650 1180 684 observantur.

705 738 721 767 1
728 744 751 767 ⁰.
790 737 837 767 De
870 737 1005 768 OvAmo.

237 823 391 854 Ovarium
416 829 462 853 est
483 823 587 854 sessile
611 829 643 854 et
661 823 819 862 inferum,
838 824 887 855 uli
909 825 941 855 in
969 825 1050 855 Tab.
1070 825 1121 855 V.
1136 824 1203 867 fig.
1227 826 1257 855 1,
1279 825 1399 866 a5fig.
1421 824 1454 855 6.
1480 836 1522 866 q,-

182 876 251 918 fig.
273 875 384 918 10.f,·
398 876 466 919 fig.
490 877 541 907 13.
566 888 604 914 e,-
640 877 720 907 Tab.
749 876 823 907 lsI.
842 877 910 919 fig.
938 879 972 916 1,
996 879 1032 916 2,
1057 878 1092 917 3,
1119 878 1155 917 4,
1177 877 1213 917 6,
1241 883 1302 908 etc.
1334 877 1523 919 Superficies

194 929 264 973 ejus
283 929 425 961 sulcatur
448 930 540 961 variis
562 931 652 960 costis
673 940 744 971 quae
766 929 905 961 valvulas
930 932 1099 974 pericarpii
1119 932 1185 963 sive
1205 931 1340 974 capsulae
1357 931 1520 962 exhibent.

236 982 392 1013 Ovarium
423 988 470 1012 est
496 987 693 1020 contortum,
722 993 824 1024 quum
851 982 1003 1014 labellum
1033 985 1174 1015 anticum
1202 990 1258 1015 est.
1290 984 1523 1015 Celeberrimus

193 1035 318 1066 Brown
332 1034 394 1077 jam
411 1034 597 1065 relationem
613 1035 697 1066 inter
711 1034 791 1065 illud
805 1034 956 1066 labellum
975 1042 1006 1067 et
1022 1037 1245 1068 cortorsionem
1261 1037 1359 1067 ovarii
1378 1036 1523 1067 animad—

195 1095 345 1122 verterat.
373 1089 534 1128 Quasdam
557 1089 742 1132 adjiciemus
764 1089 1006 1121 observationes.

236 1141 393 1173 Videmus
424 1142 456 1173 in
486 1142 539 1173 illa
566 1143 763 1173 contorsione
792 1143 936 1174 ovarium
967 1154 1119 1185 organum
1147 1154 1235 1174 mere
1254 1143 1413 1186 passivum
1438 1152 1520 1182 esse3

191 1195 312 1227 scilicet
341 1195 422 1227 illud
444 1196 578 1227 aliorum
605 1207 794 1239 organorum
822 1196 1041 1239 obtemperare
1067 1196 1260 1237 actionibus,
1288 1207 1361 1239 quae
1383 1196 1521 1226 actiones

190 1248 245 1279 illa
265 1260 360 1291 quam
382 1249 486 1291 ipsum
508 1260 658 1280 exercere
675 1255 778 1292 posset
797 1249 942 1280 fortiores
964 1256 1053 1290 sunt,
1075 1256 1107 1281 et
1127 1257 1279 1293 praeterea
1300 1261 1365 1282 suae
1385 1250 1520 1292 propriae

191 1302 308 1333 actioni
329 1303 494 1345 oppositae:
516 1314 582 1333 uno
601 1302 697 1335 verbo
717 1304 763 1335 vis
782 1315 877 1346 quam
898 1304 1035 1346 patitur,
1057 1305 1216 1347 potentior
1232 1310 1278 1335 est
1292 1315 1388 1346 quam
1403 1302 1520 1334 reactio

191 1355 230 1386 ab
248 1366 286 1386 eo
306 1355 472 1398 producta.
505 1356 632 1399 Organa
656 1357 757 1388 activa
782 1362 857 1388 sunt
876 1357 1008 1388 stamina
1027 1363 1059 1389 et
1079 1358 1233 1400 pistillum
1255 1357 1419 1400 (Gynizus
1430 1356 1452 1398 ).
1479 1356 1520 1386 Et

191 1409 318 1449 revera,
345 1410 379 1440 in
406 1410 554 1441 universo
577 1421 676 1452 regno
696 1410 866 1453 vegetabili
887 1411 1091 1444 observamus
1114 1411 1208 1442 situm
1229 1411 1399 1441 staminum
1422 1420 1520 1452 supe—

190 1463 306 1494 riorem
325 1474 393 1494 esse
409 1464 473 1494 situ
492 1464 643 1505 germinis
659 1463 709 1496 vel
723 1464 877 1506 stigmatis
895 1465 948 1495 cui
966 1470 1044 1495 tunc
1062 1463 1169 1506 pollen
1183 1464 1350 1494 innititur:
1369 1468 1415 1494 est
1430 1463 1518 1505 quasi

190 1516 242 1548 lex
264 1523 397 1549 naturae.
423 1518 550 1548 Etenim
574 1518 606 1548 in
633 1517 862 1560 vegetabilibus
887 1519 919 1548 in
942 1517 1058 1560 quibus
1078 1517 1271 1548 contrarium
1292 1516 1398 1548 locum
1424 1515 1519 1546 habet

190 1570 239 1600 uti
254 1570 286 1600 in
301 1571 423 1607 Liliis,
442 1570 679 1612 Campanalis,
699 1577 777 1610 etc.,
796 1570 867 1610 flos,
888 1577 1029 1614 tempore
1043 1570 1305 1609 foecundationis‚
1328 1569 1516 1607 revertitur,

190 1623 233 1654 ita
255 1629 292 1655 ut
321 1626 426 1655 omnia
454 1625 488 1655 in
513 1630 629 1655 statum
655 1624 831 1656 naturalem
857 1625 1008 1664 redeantg
1038 1623 1145 1667 pollen
1170 1623 1309 1655 ablatum
1343 1622 1517 1654 necessario

190 1677 224 1707 in
246 1677 359 1720 stigma
388 1677 482 1708 cadit.

235 1729 383 1760 Attamen
399 1730 431 1760 in
447 1729 523 1760 flore
538 1730 681 1761 nondum
698 1731 826 1762 evoluto
842 1731 1001 1771 Orchidis,
1018 1731 1069 1763 Iex
1089 1731 1265 1773 generalior
1281 1731 1387 1762 Iocum
1408 1729 1513 1761 habet.

191 1781 338 1813 Vidimus
359 1783 445 1814 enim
466 1784 621 1825 positione
644 1784 772 1815 calcaris
795 1785 906 1827 (Ταί)ι
923 1785 997 1816 VI.
1012 1785 1080 1828 fig.
1103 1786 1135 1817 6.
1148 1786 1174 1827 )‚
1197 1786 1310 1828 stigma
1336 1784 1515 1827 (gynizus)

191 1835 340 1878 superius
355 1841 387 1866 et
400 1837 534 1867 stamina
551 1848 628 1868 vero.
647 1838 797 1869 inferiora
815 1849 890 1869 esse.
912 1838 975 1870 Sed
994 1844 1138 1881 tempore
1151 1844 1240 1870 actus
1263 1838 1516 1881 reproductionis

190 1889 246 1919 flos
261 1890 294 1919 in
309 1889 404 1920 axem
413 1900 445 1921 se
458 1890 645 1930 volutando,
663 1892 795 1922 stamina
812 1891 907 1922 modo
919 1891 1012 1922 solito
1023 1902 1117 1934 agere
1130 1892 1215 1922 sinit.
1236 1891 1305 1922 Flos
1323 1890 1514 1928 reflectitur,

192 1947 224 1972 et
234 1943 394 1982 ovarium,
411 1944 462 1974 axi
475 1943 594 1975 floreali
609 1955 665 1987 per
683 1944 780 1975 basim
795 1944 972 1985 adhaerens,
991 1950 1228 1987 contorquetur.
1246 1944 1399 1975 Ovarium
1415 1943 1516 1986 igitur

194 1995 221 2025 vi
237 1995 299 2038 qua
314 2006 393 2037 apex
409 1997 597 2038 gynostemii
613 2003 716 2040 partes
731 1999 927 2041 generationi
943 1992 1123 2029 essentiales
1140 1999 1329 2029 continentis
1346 2003 1510 2035 ιωπθῑιιι·7

190 2047 316 2089 cedens,
328 2055 452 2081 motum
464 2050 514 2082 vel
525 2052 752 2083 contorsioneni
765 2053 924 2095 passivtun
935 2051 1053 2084 subibit
1063 2052 1145 2095 (fig.
1157 2053 1171 2082 1
1180 2051 1300 2094 ‚fig„2.
1314 2051 1345 2081 T
1340 2051 1394 2081 ab.
1411 2051 1456 2081 V
1453 2051 1477 2081 I
1478 2050 1508 2092 )
