1809 2469
773 214 885 258 (57)

157 291 224 334 fig.
246 292 297 322 11.
319 290 378 333 d).
404 290 490 321 Dicit
511 295 616 321 tamen
639 288 791 320 Richard
810 289 883 330 (op.
902 287 925 318 l.
946 300 978 330 p.
1003 288 1068 330 45)
1089 289 1122 319 in
1145 289 1338 322 orchidibus
1359 291 1487 324 nullum

165 344 271 375 adesse
299 343 529 383 retinaculum,
562 349 594 374 et
617 342 727 373 revera
755 342 833 372 mihi
860 340 985 372 difficile
1009 342 1074 372 fuit
1100 353 1168 373 eam
1193 349 1316 385 partem
1342 356 1358 375 a
1383 346 1487 376 consi-

165 396 295 428 milibus
316 396 522 440 distinguere.
549 396 600 426 Sic
620 395 846 426 Retinacnlum
865 395 899 426 in
922 396 1109 428 universum
1130 407 1196 427 sese
1215 396 1321 428 habet.

210 464 237 484 a.
263 451 457 487 Positione,
485 450 622 480 anterior
642 455 688 480 est
709 460 780 492 pars
788 473 796 489 ,
816 449 1013 492 inferiorque
1031 449 1129 492 partis
1147 450 1349 481 anthei-iferae
1372 462 1488 493 gynos-

165 505 271 544 temii3
301 510 524 534 transversum.

211 558 243 599 β,
270 557 392 587 For-md
414 555 533 598 largius
555 567 651 598 quam
673 556 815 598 longius,
840 555 1000 588 subovale.

209 623 240 652 γ,
270 610 352 640 Πειι.
377 609 538 640 Sustentat
560 609 741 640 caudiculas
760 610 978 641 antherarum.

209 662 235 697 ὃ,
268 662 508 693 Adlzaerenticz.
536 661 678 693 Brachiis
701 663 803 705 gynizi
824 662 1015 694 adnectitur.

211 729 232 749 ε,
272 716 403 752 Colore,
434 715 538 758 primo
558 715 673 756 viride,
699 715 814 747 deinde
837 715 984 747 rubrum.

730 819 753 862 g
797 819 930 851 LXXII.

677 905 730 936 DE
765 905 975 936 Rosmmno.

213 1000 259 1031 3⁰.
283 999 460 1031 Rostellum
480 1011 497 1030 a
525 999 591 1030 Cel.
614 999 766 1031 Richard
787 1004 996 1049 nuncupatur
1021 1010 1039 1031 ((
1058 1011 1216 1043 supernus
1238 1001 1398 1045 stigmatis
1417 1015 1493 1046 pro—

165 1064 272 1084 cessus
293 1053 377 1084 ultra
402 1053 561 1096 Gynizum
586 1052 777 1096 plerumque
796 1052 833 1082 ad
855 1053 977 1094 apicem
1003 1059 1204 1096 angustatus,
1231 1054 1324 1086 modo
1346 1055 1495 1088 deorsum

167 1106 350 1149 prominens
371 1111 403 1136 et
418 1106 576 1148 Gynizum
596 1107 711 1148 partim
728 1105 895 1148 obtegenS,
915 1106 1007 1138 modo
1031 1118 1157 1139 sursum
1177 1109 1379 1141 ascendens.”
1401 1110 1448 1153 (l.
1469 1111 1490 1142 l.

168 1170 200 1201 p.
226 1159 291 1200 27)
315 1158 411 1199 (Vid.
440 1158 521 1189 Tab.
545 1158 677 1201 V.fig.
699 1158 732 1189 6.
754 1158 869 1201 e;flg.
892 1160 944 1189 11.
963 1160 1021 1202 g).

213 1224 241 1244 α,
266 1211 466 1248 Positione,
496 1212 656 1251 anterior,
689 1211 886 1255 inferiorque
914 1213 1011 1255 partis
1042 1214 1246 1247 antheriferae
1283 1217 1470 1259 gynostemii
1480 1230 1492 1258 3

169 1269 395 1296 transversum.

212 1317 246 1358 β.
271 1317 412 1354 Εονιηᾶ,
437 1316 497 1349 sub
519 1317 719 1361 globulosum
739 1319 773 1350 in
793 1319 916 1362 apicem
938 1320 1160 1353 ascendentem
1182 1321 1300 1354 abiens.

210 1382 242 1412 γ.
277 1370 350 1400 Usu
374 1370 548 1411 incognito.

214 1422 240 1456 δ.
271 1423 518 1460 Λάήαενεηιὶα,
550 1435 624 1455 cum
647 1425 834 1457 retinaculo.

215 1489 237 1509 ε.
276 1476 408 1514 Colore,
434 1478 537 1520 primo
561 1477 678 1518 viride,
704 1478 778 1509 dein
798 1478 945 1510 rubrum.

214 1529 241 1570 ζ.
273 1530 473 1561 Evolatione
497 1531 531 1562 in
553 1530 662 1562 multis
686 1531 816 1564 floribus
836 1544 900 1564 non
921 1533 1111 1576 perfectum.

722 1636 746 1678 g
790 1635 939 1667 Lxxm.

674 1723 726 1753 DE
762 1721 987 1754 Bunsmum.

217 1815 265 1855 4⁰.
289 1814 463 1847 Bursiculae
488 1817 617 1849 nomine
641 1830 658 1849 a
684 1817 751 1850 Cel.
774 1819 925 1850 Richard
948 1820 1118 1863 insignitur
1143 1832 1162 1852 ((
1182 1828 1323 1854 extrema
1344 1834 1401 1854 seu
1425 1824 1495 1866 api-

173 1868 277 1899 cilaris
297 1879 369 1911 pars
391 1868 519 1901 Rostelli
540 1870 664 1902 saccelli
685 1871 783 1902 instar
803 1878 927 1912 cavata3
949 1873 1032 1904 intra
1052 1885 1148 1917 quam
1172 1875 1338 1908 nidulatur
1362 1876 1494 1908 Retina-

176 1921 286 1953 culum
307 1922 373 1954 sive
391 1922 524 1965 simplex
542 1924 607 1956 sive
626 1924 764 1968 duplex'’
790 1926 834 1968 (l.
854 1926 876 1957 l.
898 1937 930 1969 p.
950 1926 1017 1970 26)
1036 1927 1048 1970 (
1065 1929 1146 1960 Ταῦ.
1171 1929 1223 1961 V.
1234 1930 1303 1973 fig.
1324 1929 1376 1962 15.
1396 1931 1449 1972 b).

220 1987 248 2007 οι,
273 1974 448 2005 Positione
469 1977 571 2018 portio
593 1983 639 2008 est
659 1978 796 2009 anterior
813 1979 1010 2023 inferiorque
1034 1981 1236 2015 antheriferae
1259 1984 1356 2026 partis
1378 1994 1494 2027 gynos-

177 2028 276 2059 temii.
302 2027 372 2059 Coit
393 2039 467 2060 cum
486 2030 602 2073 septuli
621 2032 804 2065 extensione
825 2032 920 2066 bifida
939 2035 1106 2068 anteriore.
1342 2039 1362 2069 8
