1809 2469
901 226 915 267 (
939 227 981 256 32
1004 227 1020 265 )

295 301 513 334 tantummodo
537 300 698 332 funiculos
722 299 874 342 possidet,
900 299 959 329 nisi
980 305 1086 330 tamen
1110 305 1232 341 partem
1259 298 1453 340 superiorem
1477 298 1618 340 excipia-

296 368 385 395 mus,
418 355 475 387 ubi
502 354 681 398 pyramides
706 354 892 396 posteriores
921 352 1027 383 adhuc
1058 352 1136 383 duos
1166 351 1328 383 funiculos
1356 350 1514 393 praebent,
1545 361 1618 393 quae

296 416 402 440 tamen
423 407 620 443 solummodo
640 408 673 438 in
695 407 823 449 regione
844 405 991 438 cervicali
1012 411 1147 448 regnant
1167 411 1199 436 et
1217 405 1272 448 qui
1292 404 1422 447 quidem
1444 405 1566 437 variant
1585 405 1620 435 in

296 463 389 495 variis
410 461 656 504 quadrupedum
682 459 862 502 generibus.

341 516 389 547 Cl.
413 515 485 546 Gall
504 515 551 557 (1)
571 514 724 556 conspicit
745 511 918 543 medullam
940 511 1078 542 hominis
1098 516 1130 541 et
1148 511 1334 542 animalium
1355 511 1555 553 superiorum
1572 511 1621 542 uti

298 570 502 612 rompositam
522 579 559 598 ex
583 566 716 609 gangliis
736 571 768 596 et
786 565 1037 596 intumescentiis
1052 564 1267 606 peculiaribus
1287 564 1470 595 substantiae
1492 564 1619 606 griseae,

298 623 352 653 sed
376 622 434 652 sibi
461 622 599 652 invicem
628 618 881 658 adhaerentibus,
913 624 943 649 et
966 629 1100 648 numero
1126 617 1318 660 aequalibus,
1350 619 1423 660 ipsis
1447 629 1622 649 nervorum

299 675 443 719 paribus,
464 685 535 717 quae
550 685 589 704 ex
607 672 746 704 medulla
762 673 921 702 oriuntur.
943 672 974 701 Si
992 670 1126 713 Ganglia
1140 677 1262 713 partem
1279 672 1508 702 constituerent
1524 671 1622 713 ipsius

299 728 447 760 medullae
471 728 565 770 (quae
587 727 620 757 in
643 726 781 768 partium
806 725 1026 767 organicarum
1048 725 1155 766 genesi
1179 725 1280 766 prima
1301 724 1497 766 formatur),
1527 730 1623 767 atque

299 783 323 812 si
345 780 484 812 medulla
514 791 553 810 ex
581 790 691 810 eorum
724 777 923 820 gangliorum
948 776 1173 819 conjunctione
1198 783 1230 808 et
1254 776 1499 820 juxtapositione
1527 777 1624 808 effor-

300 840 457 874 maretur3
484 839 569 864 certe
590 833 622 863 in
646 831 818 862 Embrione
841 831 909 862 haec
930 830 1055 873 ganglia
1081 830 1173 861 modo
1195 831 1365 873 conspicuo
1386 837 1418 862 et
1441 830 1625 862 nullatenus

301 888 449 931 ambiguo
475 887 575 919 videri
597 886 751 917 deberent
771 886 832 927 (2),
860 885 945 927 quod
969 891 1075 915 tamen
1099 895 1189 915 secus
1213 895 1278 914 sese
1297 883 1409 923 habet,
1436 895 1576 927 namque
1601 885 1626 914 si

302 943 521 974 examinemus
544 939 716 971 medullam
741 950 757 969 a
779 938 935 981 principio
956 949 1021 969 suae
1041 937 1254 976 formationis,
1276 936 1357 967 nihil
1378 936 1523 968 videmus
1541 936 1627 978 quod

302 995 477 1038 comparari
501 995 597 1037 possit
617 1005 690 1025 cum
714 992 892 1024 tumoribus
911 990 1176 1033 ganglionaribus.
1204 991 1354 1021 Attamen
1382 990 1429 1020 Cl.
1458 990 1531 1020 Gall
1552 1001 1628 1021 cum

303 1049 410 1091 aliquo
435 1047 505 1091 jure
527 1045 706 1085 contendit,
731 1044 817 1087 quod
835 1045 868 1075 in
894 1043 1001 1074 adulto
1022 1048 1141 1085 puncta
1161 1041 1326 1081 medullae,
1352 1041 1408 1073 ubi
1427 1042 1526 1086 major
1550 1041 1628 1073 sub-

303 1101 426 1132 stantiae
446 1098 601 1130 corticalis
623 1098 781 1140 quantitas
802 1096 978 1138 reperitur,
1003 1096 1132 1137 praecise
1153 1095 1206 1125 illa
1227 1095 1289 1125 sint
1309 1094 1364 1125 ubi
1385 1094 1519 1137 majores
1537 1096 1629 1128 nervi

304 1154 463 1185 oriuntur.
489 1152 563 1182 Post
585 1150 682 1181 breve
702 1149 891 1180 evolutionis
910 1153 1051 1189 ten]qu
1073 1148 1107 1177 in
1130 1147 1225 1178 Foetu
1248 1147 1458 1179 animadverti
1482 1147 1544 1191 jam
1570 1160 1630 1190 po-

305 1212 381 1245 test,
399 1204 571 1236 medullam
591 1202 745 1245 spinalem
761 1201 928 1244 largiorem
944 1211 1009 1231 esse
1029 1201 1066 1231 iis
1084 1201 1116 1230 in
1135 1200 1211 1231 locis
1229 1200 1285 1231 ubi
1302 1206 1478 1231 nascuntur
1497 1200 1629 1244 majores

305 1259 412 1290 trunci
434 1256 591 1296 rachidei,
618 1256 674 1299 qui
700 1266 813 1287 nervos
839 1253 1058 1285 musculorum
1085 1254 1293 1296 pectoralium
1320 1260 1351 1285 et
1380 1253 1630 1286 abdominalium

307 1313 499 1344 constituere
522 1310 649 1341 debent.
680 1309 810 1340 Ultimis
830 1308 902 1340 vitae
927 1308 1061 1338 uterinae
1085 1306 1264 1346 mensibus,
1292 1306 1370 1338 dum
1397 1308 1532 1349 parietes
1560 1319 1631 1339 me-

307 1366 402 1398 dullae
421 1364 641 1395 confortantur
664 1362 852 1394 formatione
877 1367 909 1392 et
931 1361 1128 1404 oppositione
1151 1372 1308 1393 novarum
1327 1360 1479 1392 fibrarum
1502 1361 1631 1393 medul-

307 1420 438 1457 larium,
463 1424 496 1449 et
515 1417 589 1448 dein
610 1417 725 1447 sensim
745 1415 927 1456 sensimque
947 1415 991 1445 sic
1010 1415 1247 1445 incrementum
1265 1414 1333 1458 ejus
1352 1414 1540 1455 absolvitur,
1559 1421 1630 1446 tum

308 1474 342 1504 in
371 1472 456 1503 hisce
482 1471 557 1501 locis
591 1469 690 1513 major
719 1468 903 1500 observatur
932 1468 1114 1499 substantiae
1143 1469 1252 1511 griseae
1280 1470 1456 1511 quantitas;
1491 1475 1631 1500 attamen

309 1526 471 1568 congeries
500 1524 680 1555 substantiae
705 1521 873 1561 corticaliS,
901 1532 972 1564 quae
997 1527 1075 1552 tunc
1096 1523 1245 1563 temporis
1270 1522 1300 1552 ei
1325 1523 1513 1564 apponitur,
1544 1533 1631 1554 mere
1650 1531 1656 1537 ·

309 1578 455 1610 secundae
476 1577 671 1608 formationis
692 1575 885 1618 productum
905 1580 968 1614 est,
994 1585 1053 1605 nec
1073 1575 1205 1606 minime
1230 1576 1394 1606 constituit
1415 1582 1538 1618 partem
1563 1577 1632 1619 pri—

309 1631 469 1663 mordialis
491 1641 599 1661 rerum
617 1635 726 1660 status.
754 1629 837 1671 Ergo
858 1628 1023 1658 Anatomia
1044 1628 1152 1659 Foetus
1172 1629 1303 1659 minime
1323 1629 1410 1660 favet
1427 1629 1595 1671 hypothesi
1614 1641 1631 1659 a

311 1685 358 1715 Cl.
378 1684 451 1715 Gall
474 1683 650 1726 propositae.
676 1682 723 1712 Cl.
746 1681 886 1713 Rolando
905 1692 1039 1712 examen
1057 1682 1306 1713 minutissimum
1331 1683 1468 1713 instituit
1487 1683 1632 1713 omnium

311 1738 541 1776 mutationum,
564 1747 641 1779 quas
660 1736 766 1767 induit
785 1737 880 1767 sectio
901 1736 1040 1766 materiae
1061 1736 1186 1778 griseae,
1207 1746 1279 1778 quae
1295 1736 1377 1767 axin]
1399 1735 1547 1766 medullae
1567 1737 1633 1778 spi-

312 1790 392 1822 nalis
421 1790 594 1820 constituit.
636 1788 702 1820 Sub
742 1788 958 1831 pyramidibus
996 1788 1206 1820 anterioribus
1243 1788 1348 1819 induit
1378 1787 1513 1819 formam
1555 1789 1633 1820 ferri

312 1844 433 1887 equini.
452 1843 489 1874 In
508 1842 584 1873 loeis
604 1841 691 1874 unde
709 1847 830 1873 exeunt
849 1843 940 1874 nervi
960 1843 1199 1873 extremitatum
1219 1841 1301 1873 binae
1318 1841 1544 1873 semi-lunares
1563 1852 1633 1873 sec-

313 1899 414 1929 tiones
438 1895 667 1934 offenduntur,
688 1906 760 1938 quae
784 1896 982 1928 convexitate
1004 1895 1060 1927 sua
1080 1896 1137 1927 sibi
1152 1896 1425 1940 juxtaponuntur3
1449 1896 1483 1926 in
1504 1896 1633 1939 regione

375 2008 418 2038 (ι)
433 2007 513 2031 Anat.
530 2011 554 2030 et
570 2007 679 2037 physiol.
701 2007 734 2029 du
748 2008 852 2037 systeme
871 2015 958 2037 nerv·‚
978 2015 1034 2039 pag.
1052 2008 1093 2038 5⁰,
1114 2012 1160 2030 etc.
1172 2024 1178 2035 ,
1198 2011 1245 2029 etc.

376 2048 421 2077 (2)
436 2047 598 2076 Tiedemaun,
616 2047 669 2070 loco
684 2047 767 2070 citato.
