1809 2469
938 229 1050 272 (66)

340 305 440 346 primo
459 310 490 334 et
505 304 720 346 antiquissimo
739 303 905 345 telescopio
924 303 1146 345 catadioptrico
1161 302 1293 346 ejusque
1311 310 1440 335 auctore
1460 304 1541 335 dicta
1559 310 1650 343 sunt,

339 364 370 388 et
389 363 537 399 praeterea
555 358 643 387 novis
662 356 871 398 argumentis,
889 355 985 397 vulgo
1005 355 1133 397 quidem
1153 367 1265 397 parum
1285 355 1335 387 vel
1357 357 1488 398 cognitis
1506 357 1555 388 vel
1570 368 1652 399 pen-

339 411 451 448 sitatis,
489 410 565 440 mihi
587 421 660 441 vero
684 410 776 449 longa
799 408 1010 450 experientia,
1034 408 1193 450 praecipue
1218 409 1299 438 circa
1325 419 1417 439 usum
1450 409 1652 439 Goniometri

339 463 606 504 amphiclioptrici
626 462 848 492 Brancleriani
857 483 868 497 ,
891 460 1070 502 plenissime
1091 460 1313 502 comprobatis,
1335 461 1394 491 hoc
1413 461 1652 503 telescopiorum

340 527 440 558 genus
460 517 552 546 enixe
574 515 789 553 commendet,
813 514 926 544 huicce
947 513 1203 543 commentationi
1218 513 1272 544 illo
1293 513 1472 545 coronidem
1490 515 1653 556 imponere

340 575 425 599 tanto
446 569 542 610 magis
563 568 742 598 consultum
763 578 827 597 esse
849 566 942 605 duxi,
971 572 1088 608 quanto
1114 566 1212 609 major
1230 573 1332 598 nostra
1356 573 1449 598 aetate
1470 567 1654 598 immortalis

339 622 428 652 istius
450 622 551 663 operis
574 622 681 651 raritas
702 631 767 651 esse
791 618 1052 662 deprehenditur.

383 675 426 704 lta
444 680 549 704 autem
563 674 610 704 vir
622 673 703 704 nulli
718 684 783 704 aevo
798 672 1028 703 obliviscendus
1043 672 1144 713 operis
1158 671 1277 702 laudati
1290 673 1326 702 P.
1340 672 1364 702 I.
1382 683 1452 714 pag.
1470 672 1534 711 434
1548 683 1571 702 s.
1589 673 1651 702 ait:

384 738 402 757 ))
418 727 530 768 Magna
550 737 600 756 nie
621 737 748 767 quoque
768 736 837 766 spes
858 731 960 763 tenet,
980 736 1043 754 non
1063 730 1186 754 tantum
1208 724 1346 755 lentibus
1361 725 1570 767 hyperbolicis
1593 726 1653 756 rite

339 790 358 809 )>
375 779 538 809 elaboratis
563 778 841 820 contemplationes
859 783 978 807 nostras
996 776 1137 806 coelestes
1156 778 1253 819 magis
1273 778 1434 819 magisque
1453 788 1652 817 excrescere,

340 842 358 861 ))
374 830 427 861 sed
447 830 543 860 dubio
557 830 667 872 procul
686 830 745 860 alia
767 830 898 870 insuper
914 828 1034 860 diversa
1054 829 1188 868 ratione,
1211 829 1403 860 adminiculo
1417 831 1567 861 nimirum
1588 836 1651 860 tam

339 883 573 924 »speculorum
596 883 777 924 planorum,
798 882 1038 923 spliaericorum‚
1061 892 1155 923 quam
1179 881 1443 923 parabolicorum,
1464 883 1490 913 si
1509 883 1654 914 videlicet

338 947 357 966 ))
374 936 472 974 tubis,
497 936 634 966 lentibus
654 936 718 966 suis
738 935 801 979 jam
821 936 961 973 armam,
983 934 1087 965 debite
1110 940 1142 965 et
1162 937 1387 966 convenienter
1407 946 1442 966 ea
1463 935 1654 966 adhiberen-

339 993 425 1018 »tur
445 994 477 1018 et
501 988 718 1030 affigerentur,
744 988 860 1018 mirum
882 989 915 1018 in
942 987 1068 1017 modum
1095 987 1226 1029 provehi
1250 999 1353 1029 posse;
1386 988 1654 1029 quemadmodum

339 1041 517 1072 »videmus
540 1041 621 1071 Clar.
643 1041 835 1071 Nemtonem
857 1041 928 1070 satis
948 1039 1083 1070 feliciter
1099 1039 1157 1069 hac
1176 1040 1209 1069 in
1226 1045 1314 1081 parte
1334 1039 1420 1070 haud
1435 1040 1512 1070 adeo
1532 1039 1655 1082 pridem

338 1104 358 1124 ))
373 1094 501 1124 initium
532 1094 668 1136 posuisse
681 1117 689 1132 ,
719 1093 937 1135 componendo
963 1103 1078 1134 nempe
1109 1091 1258 1123 tubulum
1288 1092 1464 1123 breviorem
1497 1103 1535 1123 ex
1573 1092 1654 1123 binis

339 1146 509 1188 »speculis
529 1157 564 1176 ac
585 1157 647 1177 una
668 1146 754 1177 lente
776 1146 1046 1188 plano-convexa,
1072 1144 1163 1187 cujus
1184 1155 1243 1187 ope
1267 1145 1434 1187 telescopia
1458 1146 1570 1176 usitata
1591 1156 1655 1188 pu·-

338 1210 358 1229 ))
375 1204 443 1229 tant
462 1199 555 1240 louge
580 1198 754 1229 abbreviari
779 1209 878 1240 posse.

382 1262 400 1281 ))
418 1252 463 1281 De
488 1251 547 1281 hac
571 1263 651 1281 nova
673 1257 780 1281 autem
807 1251 991 1281 inventione
1016 1273 1200 1280 ........
1229 1250 1336 1280 scribit
1356 1251 1405 1281 vir
1426 1250 1554 1292 quidam
1582 1250 1656 1282 Cla-

338 1314 358 1333 ))
373 1304 527 1341 rissimus‚
548 1305 708 1334 neminem
727 1303 767 1334 ad
783 1315 902 1334 annum
921 1303 1009 1333 hunc
1029 1313 1130 1344 usque
1146 1303 1231 1336 1672
1251 1303 1335 1334 idem
1351 1309 1499 1342 tentasse,
1521 1304 1546 1334 si
1566 1304 1654 1334 exci-

340 1357 438 1398 »pias
460 1356 562 1386 Nobil.
589 1357 804 1399 Hugenium,
831 1357 885 1398 qui
902 1367 1036 1397 parvum
1057 1355 1214 1397 quoddam
1237 1356 1402 1398 speculum
1427 1367 1543 1387 aereum
1570 1356 1655 1387 tubis

339 1419 357 1439 )›
373 1409 600 1450 applicaverat,
619 1420 682 1450 quo
701 1415 820 1439 remoto
837 1409 910 1439 alias
925 1408 1044 1451 objecta
1063 1410 1167 1439 omnia
1186 1409 1295 1440 ordine
1310 1410 1433 1441 inverso
1449 1410 1652 1452 apparebant.

339 1473 357 1491 ))
374 1461 510 1500 Verum,
543 1467 580 1492 ut
600 1473 676 1503 pace
698 1462 783 1492 illius
809 1462 867 1493 viri
889 1462 1008 1500 dicam,
1033 1468 1088 1493 aut
1109 1463 1167 1503 ipsi
1192 1462 1310 1492 excidit
1330 1462 1459 1493 forsitan
1484 1463 1652 1502 memoria,

338 1524 356 1543 >a
373 1519 427 1544 aut
450 1514 580 1544 minime
603 1514 680 1556 legit
702 1525 755 1552 ea,
784 1526 854 1557 quae
877 1516 910 1545 in
933 1516 1216 1557 Selenograplzia,
1243 1527 1326 1546 anno
1347 1515 1410 1558 jam
1441 1516 1525 1555 1674
1550 1516 1631 1546 edita
1645 1540 1654 1555 ‚

339 1578 357 1596 >>
373 1566 559 1597 traduntur:
586 1574 745 1598 auctorem
770 1579 885 1610 nempe
907 1569 1161 1611 Selenographiae
1183 1591 1348 1599 .......
1370 1568 1432 1610 jam
1455 1580 1537 1598 anno
1557 1568 1654 1608 1637,

339 1630 356 1648 J>
372 1625 444 1649 ante
459 1619 499 1650 35
517 1619 662 1650 videlicet
678 1632 792 1659 annOS‚
814 1622 908 1652 simul
919 1621 990 1652 bina
1008 1622 1134 1664 specula
1150 1621 1230 1662 (tam
1243 1622 1357 1660 vitrea,
1370 1632 1465 1663 quam
1478 1621 1654 1663 metallica)

339 1672 465 1702 »simul
485 1672 572 1703 binas
594 1673 713 1712 lentes,
739 1674 867 1704 alteram
887 1686 1060 1707 convexam
1074 1699 1083 1714 ‚
1108 1674 1236 1705 alteram
1261 1685 1445 1712 concavam,
1463 1673 1654 1715 interpositis

338 1725 506 1766 »speculis
532 1725 570 1755 ad
597 1726 687 1756 tubos
712 1726 890 1758 felicissimo
916 1739 1062 1759 successu
1088 1727 1270 1769 applicasse.
1301 1726 1412 1764 Quod',
1439 1732 1474 1756 ut
1494 1727 1527 1755 in
1555 1725 1656 1757 oculis

338 1787 356 1806 ))
373 1778 513 1807 omnium
537 1783 595 1816 est,
613 1779 656 1808 sic
670 1780 763 1809 etiam
785 1779 910 1810 abunde
926 1791 964 1810 ex
980 1781 1044 1822 ipsa
1061 1779 1304 1822 Selenographia
1324 1790 1395 1820 pag.
1418 1778 1460 1809 26
1474 1778 1656 1809 luculenter

339 1839 356 1858 ))
372 1835 473 1870 patet;
487 1854 512 1860 ..
529 1854 554 1860 ..
572 1854 578 1860 .
595 1830 688 1869 adeo,
710 1838 745 1862 ut
765 1843 886 1863 summa
909 1835 1039 1864 veritate
1061 1838 1269 1870 asseveretur,
1291 1831 1416 1874 specula
1438 1830 1499 1874 jam
1521 1837 1594 1861 ante
1612 1831 1654 1862 35

338 1893 356 1911 2>
372 1893 468 1912 annos
484 1883 617 1914 feliciter
638 1884 676 1914 ad
691 1884 780 1915 tubos
800 1885 938 1916 adhibita
954 1886 1066 1925 fuisse;
1091 1887 1190 1916 citius
1216 1890 1338 1923 autem,
1367 1883 1452 1925 quod
1473 1883 1585 1922 sciam,
1609 1883 1654 1913 ab

338 1945 356 1963 )›
371 1935 545 1975 Europoeis
566 1948 746 1977 nzqumm.
769 1937 914 1980 Hincque
934 1945 1021 1970 extra
1043 1950 1168 1969 omnem
1190 1937 1431 1968 controversiam
1451 1942 1512 1974 est,
1533 1936 1654 1966 auctori

336 1997 355 2016 ))
370 1986 621 2030 Selenographiae
645 1990 772 2020 omnino
794 1991 928 2032 primam
952 1991 1049 2035 hujus
1072 1992 1117 2023 rei
1142 1990 1359 2024 inventionem
1381 1989 1524 2019 omnium
1549 1989 1653 2031 primo
