1809 2469
817 243 952 285 (103)

222 329 340 350 nervus
359 318 539 361 posterioris
565 317 683 348 ordinis
707 323 883 356 resecatur,
907 318 992 348 illico
1014 323 1133 359 partes,
1159 329 1237 360 quas
1261 318 1397 356 animat,
1420 327 1548 348 omnem

220 383 311 404 suam
331 371 569 403 sensibilitatem
590 372 752 410 amittant,
774 371 897 413 integra
916 371 1010 401 etiam
1033 370 1085 401 hic
1105 377 1291 402 remanente
1313 370 1490 401 motilitate.

265 427 314 457 De
332 427 438 458 nervis
458 426 564 457 mixtis
581 425 656 455 dum
679 424 818 466 egimus,
835 423 1002 465 probatum
1020 423 1098 462 suit,
1119 434 1227 454 omnes
1246 429 1351 466 partes
1366 423 1421 465 qui
1437 433 1548 453 eorum

223 491 325 510 ramos
351 479 527 522 recipiunt,
558 477 745 520 paralyticas
769 476 930 519 extemplo
956 487 1022 507 esse
1047 475 1184 507 redditas
1209 482 1305 519 atque
1326 475 1492 507 motilitate
1518 481 1550 506 et

223 533 394 564 sensilitate
416 532 512 564 simul
534 531 668 563 evadere
689 531 864 562 destitutas.

266 586 493 628 Experimenta
514 584 553 616 ab
572 584 718 615 omnibus
741 583 839 627 hujus
861 583 967 615 saeculi
993 582 1185 626 physiologis
1210 582 1372 621 instituta,
1397 592 1468 624 quae
1493 592 1550 612 nos

221 640 290 671 fere
305 640 409 670 omnia
419 663 427 678 ‚
443 645 480 670 ut
495 649 606 670 eorum
618 637 867 670 exactitudinem
883 643 915 668 et
927 638 1093 668 veritatem
1112 646 1265 667 asserrere
1280 646 1458 678 possemus,
1474 646 1549 666 cum

221 693 336 735 aequali
357 704 505 724 successu
525 692 827 735 redintegravimus,
849 692 889 723 de
909 690 1056 722 omnibus
1079 689 1302 721 assertionibus
1323 688 1400 728 illis,
1419 688 1549 720 nullum

221 746 358 789 amplius
388 746 524 778 dubium
552 745 752 788 relinquunt.
791 745 887 776 Casus
918 744 1131 787 pathologici‚
1163 754 1301 785 quorum
1330 743 1363 772 in
1394 741 1549 772 hodierno

221 800 362 831 scientiae
387 805 472 831 statu
493 800 660 831 veritatem
685 810 831 830 recusare
855 811 919 830 non
945 809 1129 841 possumus,
1156 808 1221 828 non
1242 796 1344 827 solum
1370 801 1549 826 nostrarum

222 854 431 885 assertionum
460 853 654 885 evidentiam
684 852 839 895 probant,
869 863 982 885 verum
1013 853 1056 882 ita
1081 851 1149 882 illas
1175 850 1324 881 roborant
1348 855 1386 880 ut
1412 848 1549 890 amplius

221 906 304 937 nulli
328 906 545 949 redargutioni
575 906 663 937 locus
691 912 863 938 remaneat.
903 906 1062 937 Caeterum
1091 904 1170 948 quid
1197 915 1262 935 non
1291 902 1404 946 probat
1428 901 1490 933 fida
1517 907 1549 932 et

223 959 333 991 sedula
357 959 552 999 observatio,
587 960 664 991 dum
692 960 815 992 facibus
842 960 1045 1003 physiologiae
1070 964 1102 990 et
1131 957 1323 1001 pathologiae
1351 954 1547 987 illustratur!

221 1012 279 1044 Hae
296 1013 380 1044 binae
399 1014 539 1044 scientiae
560 1025 577 1043 a
599 1025 631 1043 se
654 1014 792 1045 invicem
818 1014 908 1045 nullo
932 1014 1025 1044 modo
1045 1011 1246 1054 separandae,
1274 1009 1435 1053 quondam
1459 1007 1549 1039 nobis

222 1064 367 1107 aperient
390 1075 502 1095 arcana
522 1064 661 1094 maxime
683 1064 806 1095 occulta
827 1063 1065 1106 organisationis
1086 1062 1248 1093 animalis!

786 1510 975 1542 TANTUM.
