1809 2469
765 201 880 244 (35)

652 321 675 348 a
681 338 689 347 .
743 310 799 344 OEe
835 310 999 345 gussezcufo.

202 404 368 435 structura
390 404 620 447 simplicissima
642 409 704 442 est,
734 404 909 446 praesertim
927 404 962 435 in
983 403 1110 448 juniore
1129 405 1248 448 planta.
1281 407 1318 437 In
1348 408 1401 438 illa
1432 414 1494 440 tres

159 468 351 500 organorum
375 458 494 500 species
514 457 710 499 reperimus:
738 458 783 488 1⁰.
804 457 1023 489 Membranam
1042 465 1208 490 externam
1229 460 1280 493 vel
1305 461 1493 501 cuticula1n3

159 512 206 542 2⁰.
230 511 340 542 Telam
363 510 548 542 cellularem
567 511 631 553 qua
656 510 815 554 repletum
843 511 889 542 3⁰.
912 511 994 542 Vasa
1013 512 1198 544 vascularia.

204 568 250 596 10.
275 566 322 596 De
346 564 531 596 membrana
554 565 687 596 externa
710 565 762 598 vel
787 565 939 597 cuticula.

202 618 424 650 Tuberculum
447 619 500 650 illa
521 618 758 651 circumcludit.
782 619 1003 650 Exstrinsecus
1023 619 1120 659 flava,
1144 620 1277 652 maculis
1298 621 1349 653 vel
1369 624 1497 664 punctis

158 673 257 715 nigris
270 679 326 704 aut
342 673 439 704 fuscis
455 673 611 716 parvulis,
623 673 755 716 asperis,
782 673 973 704 intrinsecus
986 684 1059 705 vero
1074 673 1167 704 telam
1187 674 1495 719 cellularemlangit.

159 725 234 757 Haec
257 725 442 758 membrana
466 726 543 758 licet
565 726 604 757 ab
625 726 686 758 hac
708 727 827 770 optime
853 726 1017 767 distincta,
1044 734 1151 759 tamen
1175 729 1312 760 similem
1335 731 1498 773 organisa—

159 780 278 811 tionem
301 779 438 822 praebet:
467 780 537 823 ejus
558 780 682 812 cellulae
705 781 777 811 satis
798 780 977 824 regulares,
1001 781 1109 813 affines
1134 782 1196 813 illis
1217 782 1340 814 cellulis
1363 795 1441 826 quas
1464 785 1498 815 in

159 833 281 864 tuberis
306 833 447 865 cuticula
479 835 662 866 invenimus
687 834 697 875 (
719 835 799 865 Tah.
820 835 898 865 JV'.
927 835 992 878 fig.
1017 835 1073 878 5.)
1101 836 1182 867 Duae
1212 836 1277 867 illae
1303 838 1498 869 membranae

161 887 213 919 vel
238 887 389 919 cuticulae
413 887 452 918 ad
478 888 622 919 eamden]
653 888 791 930 speciem
814 889 1031 930 pertinentes,
1062 890 1148 921 idem
1178 897 1329 932 praeterea
1356 903 1497 934 organon

159 939 340 979 obducunt3
367 952 432 971 una
450 942 538 972 enim
557 942 684 972 nonnisi
705 940 836 971 alterius
855 941 996 973 evolutio
1021 949 1068 974 est
1088 943 1099 985 (
1116 944 1198 974 Tab.
1222 944 1301 976 IV.
1317 945 1385 987 fig.
1407 947 1437 976 1.
1455 958 1497 984 α,-

147 992 217 1036 fig.
244 993 275 1024 3.
306 993 407 1036 ddd).

202 1046 400 1078 Vestituram
421 1053 461 1078 et-
473 1059 567 1079 usum
589 1047 688 1091 hujus
708 1048 858 1080 cuticulae
879 1049 1144 1082 examinabimus.

203 1100 230 1142 †
252 1100 324 1131 Jam
341 1100 380 1131 de
397 1101 551 1133 vestitura
567 1102 762 1133 mentionem
782 1102 935 1142 fecimm,
950 1114 1052 1145 quum
1069 1104 1168 1135 locuti
1183 1105 1306 1136 fuimus
1321 1105 1360 1136 de
1377 1105 1498 1137 fibrinis

160 1154 323 1193 suctoriis,
348 1165 422 1184 nam
444 1154 567 1186 fibrillae
588 1165 698 1186 revera
723 1166 762 1187 ex
783 1155 844 1187 hac
866 1156 1052 1187 membrana
1073 1164 1261 1190 nascuntur.

204 1207 258 1249 -Η-
280 1206 366 1238 Usus
396 1207 546 1239 cuticulae
570 1209 643 1239 satis
666 1210 813 1252 cognitus
839 1209 977 1242 videtur.
1005 1211 1155 1243 Continet
1177 1209 1498 1253 telam'cellularem3

159 1260 282 1292 fibrillis
302 1252 408 1292 fulcro
433 1262 576 1293 inservit.
607 1262 788 1294 Verisimile
812 1269 859 1294 est
884 1265 1080 1307 principium
1106 1266 1240 1297 odorans
1263 1266 1406 1298 radicum
1435 1267 1500 1298 Or-

160 1313 261 1345 chidis
282 1313 425 1345 latifoliae
447 1316 481 1345 in
499 1314 698 1358 epidermide
718 1328 776 1348 seu
791 1317 932 1349 cuticula
949 1320 1077 1351 versari.
1095 1319 1295 1362 Principium
1317 1321 1384 1351 sine
1401 1320 1499 1351 dubio

159 1368 244 1400 idem
272 1374 319 1400 est
343 1380 380 1399 ac
405 1368 485 1400 illud
512 1380 576 1412 quo
604 1370 686 1402 flavo
715 1371 819 1403 colore
845 1371 1106 1415 distinguuntur:
1143 1384 1253 1404 omnes
1284 1374 1369 1404 enim
1401 1373 1500 1417 hujus

160 1422 285 1465 generis
307 1423 426 1465 species
449 1423 646 1464 peculiarem
665 1425 795 1456 omniuo
816 1425 966 1466 odorem,
990 1426 1044 1457 sed
1064 1426 1199 1469 paulum
1224 1428 1258 1458 in
1287 1428 1420 1470 singulis
1442 1440 1500 1460 va-

159 1477 296 1507 riantem
320 1477 492 1517 emittunt;
525 1488 635 1509 omnes
657 1479 754 1511 etiam
774 1479 848 1522 plus
869 1480 1016 1512 minusve
1035 1480 1154 1512 flavum
1181 1481 1318 1512 colorem
1344 1481 1498 1513 induunt.

160 1529 310 1561 Cuticula
325 1529 444 1570 ablata,
466 1530 542 1562 odor
563 1532 739 1572 evanescit3
758 1534 854 1564 etiam
871 1533 1058 1565 ebullitione
1078 1533 1223 1565 radicum
1240 1534 1274 1564 in
1295 1534 1378 1577 aqua
1398 1534 1500 1566 calida

159 1583 323 1615 aufertur:
353 1584 397 1614 ita
421 1589 458 1615 ut
484 1584 523 1616 (le
549 1585 623 1617 sede
648 1586 750 1618 odoris
772 1586 901 1618 nullum
924 1587 1061 1630 amplius
1083 1587 1219 1618 dubium
1244 1588 1341 1631 possit
1365 1590 1498 1620 moveri.

204 1638 252 1667 2⁰.
277 1636 354 1668 Tela
376 1637 537 1669 cellularis
557 1639 718 1672 tubere-uli
737 1652 775 1672 eo
790 1642 889 1685 magis
909 1641 1064 1685 regularis
1083 1653 1147 1685 quo
1165 1642 1273 1686 planta
1291 1643 1419 1675 tenuior
1441 1649 1499 1674 est.

162 1689 293 1721 Cellulae
323 1690 487 1734 pleraeque
516 1691 619 1724 forma
649 1693 825 1726 abnormali
856 1696 889 1726 in
923 1695 1084 1728 veteribus
1111 1696 1306 1728 Orchidibus
1337 1697 1501 1729 instructae

163 1748 249 1773 sunt.
279 1743 356 1775 Tela
383 1744 570 1776 eorumdem
592 1752 640 1777 est
660 1747 809 1789 laxatior,
837 1748 962 1781 densior
984 1756 1089 1782 tamen
1112 1751 1195 1782 circa
1217 1763 1290 1784 vasa
1309 1751 1500 1791 vascularia‚

163 1796 308 1839 quamvis
323 1808 463 1841 persaepe
475 1799 509 1829 in
521 1800 619 1831 massa
635 1800 703 1844 ejus
718 1803 790 1833 satis
807 1814 931 1846 magnae
942 1803 1066 1836 lacunae
1080 1805 1294 1838 inveniuntur
1305 1805 1315 1848 (
1326 1805 1407 1836 Tah.
1420 1805 1445 1836 Ι
1447 1805 1498 1836 V.

152 1849 221 1893 fig.
245 1851 275 1881 1.
300 1851 419 1894 a5fig.
442 1852 473 1884 3.
491 1854 651 1897 ac,·fig.
674 1855 706 1895 4.
729 1856 782 1899 α).

208 1903 255 1935 3⁰.
281 1903 362 1935 Vasa
395 1906 569 1938 vascularia
593 1908 748 1952 simplicia
773 1916 858 1941 sunt.
886 1911 922 1942 In
946 1910 1008 1942 illis
1030 1922 1090 1943 nec
1110 1911 1254 1943 tracheas
1278 1923 1338 1943 nec
1360 1911 1500 1954 pseudo-

164 1957 306 1989 tracheas
328 1960 521 2002 reperimus,
538 1962 810 2005 quemadmodum
831 1976 847 1996 a
863 1965 961 2008 priori
979 1966 1132 2009 suspicari
1149 1966 1220 2009 quis
1237 1966 1401 2009 potuisset.
1418 1965 1500 1996 Vasa

164 2009 218 2042 illa
237 2018 312 2044 sunt
332 2013 500 2055 continua,
520 2016 645 2060 integra
661 2023 694 2048 et
711 2017 823 2051 ferunt
838 2018 1039 2062 (secundum
1057 2019 1287 2063 generaliorem
1310 2020 1502 2051 sententiam
