1809 2469
721 239 833 281 (43)

119 316 205 346 tione
233 315 281 346 sui
308 314 513 345 instrumenti
537 311 576 343 ab
604 313 671 354 ipso
699 317 828 342 auctore
856 312 1052 354 sagacissimo
1087 314 1267 355 proposita,
1303 325 1442 356 cumque

124 368 302 410 Gregorius
320 367 358 398 de
378 366 472 397 rebus
487 366 597 408 opticis
614 376 677 395 non
694 370 757 394 tam
775 375 829 403 ec,
847 364 933 406 quod
952 364 1157 407 telescopium
1175 366 1318 408 aliquod,
1340 367 1443 409 quod—

118 432 247 463 cunque
268 420 397 451 demum
415 419 499 450 istud
516 418 569 456 sit,
589 418 804 460 proposuerit,
827 417 978 460 praeclare
998 419 1130 449 meritus
1149 420 1204 458 sit,
1226 430 1321 461 quam
1339 420 1443 461 potius

118 485 176 513 eo,
200 473 306 516 quod,
336 472 437 505 veluti
461 472 495 502 in
526 470 653 501 sublimi
679 470 816 512 quodam
845 470 913 501 loco
944 472 1150 511 constitutus,
1182 483 1199 503 e
1228 484 1292 514 quo
1317 484 1443 504 omnem

117 528 294 570 Dioptrices
331 531 426 568 atque
466 524 659 567 Catoptrices
690 523 845 554 ambitum
883 536 948 555 uno
981 525 1096 555 mentis
1123 526 1246 556 intuitu
1276 525 1445 568 complecti

119 586 237 623 posset,
262 580 351 621 quasi
372 578 471 620 digito
494 578 599 608 indice
622 577 859 616 monstraverit,
881 577 960 619 quid
980 583 1011 607 et
1031 578 1190 619 quomodo
1209 578 1369 620 agendum
1391 579 1445 618 sit,

118 640 155 665 ut
186 633 315 675 utrique
348 631 521 674 disciplinae
552 629 692 673 subjecta
730 631 942 660 instrumenta
981 630 1018 660 ad
1049 641 1210 661 summum
1243 631 1448 673 perfectionis

119 685 252 729 gradum
278 685 554 728 perducerentur,
584 694 689 726 operae
713 684 852 726 pretium
880 695 936 714 nos
960 683 1100 714 facturos
1123 685 1391 724 existimavimus,
1421 685 1446 715 si

118 740 205 770 hisce
221 738 468 782 adjungeremus
486 737 723 768 memorabilem
739 737 901 779 epilogum
914 737 931 767 ἒι
947 737 1104 779 Gregorio
1118 738 1323 780 propositioni
1334 738 1447 769 LIXnae

126 793 255 833 Opticoe
275 796 436 832 promota>
457 789 638 833 adjectum,
662 790 695 820 in
718 801 782 832 quo
803 790 871 820 haec
894 789 1048 832 legimus:

166 857 184 876 ))
200 845 324 883 Restat,
347 849 385 874 ut
404 843 541 885 paucula
563 842 708 885 qnaedam
732 842 770 873 de
790 842 1031 884 telescopiorum
1048 842 1217 885 generibus
1241 843 1393 874 dicamus.
1411 844 1447 874 In

122 910 141 929 »
156 898 245 929 hunc
266 907 366 938 usque
387 896 470 926 diem
494 895 565 926 duae
580 901 655 926 sunt
676 901 802 926 tantum
820 895 974 926 machinae
995 896 1106 937 opticae
1121 897 1307 938 praecipuae,
1331 908 1448 939 nempe

121 963 140 983 2>
157 951 335 990 telescopia
370 949 409 980 ad
434 955 554 979 remota
583 948 804 990 adspicienda,
837 954 870 979 et
898 949 1149 989 microscopiam
1179 948 1218 979 ad
1247 950 1447 992 propinqua,

121 1003 273 1046 »quibus
301 1013 356 1033 nos
388 1003 514 1033 tertiam
542 1001 728 1045 adjicimus,
759 1012 877 1044 nempe
904 1003 1148 1043 iconas-copiam
1175 1003 1214 1034 ad
1239 1003 1449 1047 projiciendas

121 1068 140 1087 )>
157 1055 328 1089 visibilium
349 1055 503 1098 imagines
518 1055 551 1085 in
572 1055 785 1097 propositione
800 1055 855 1085 LII
875 1054 973 1098 hujus
992 1055 1255 1087 demonstratum.
1280 1057 1386 1100 Atque
1401 1057 1450 1089 11ae

122 1121 140 1141 ))
157 1109 311 1141 machinae
333 1114 407 1140 sunt
429 1109 525 1139 trium
551 1119 721 1151 generum,
745 1108 897 1139 nimirum
919 1109 970 1140 vel
989 1120 1029 1140 ex
1049 1111 1138 1152 puris
1162 1110 1343 1153 dioptricis,
1370 1112 1450 1142 hac—

122 1174 141 1193 ))
157 1169 251 1194 tenus
271 1168 397 1193 tantum
419 1162 569 1203 cognitis·⁷
592 1161 643 1193 vel
667 1172 706 1192 ex
726 1162 815 1203 puris
835 1162 1030 1205 catoptricis;
1054 1162 1106 1194 vel
1127 1174 1167 1194 ex
1188 1164 1309 1204 mixtis,
1332 1165 1449 1207 partim

122 1227 141 1246 »
157 1215 354 1257 catoptricis,
389 1215 504 1256 partim
532 1214 703 1256 dioptricis.
740 1215 864 1245 Deinde
894 1215 927 1245 in
953 1227 1148 1259 unoquoque
1175 1228 1293 1260 genere
1317 1219 1449 1250 infinitae

124 1280 142 1299 ))
156 1274 287 1311 possunt
306 1278 371 1298 esse
395 1268 530 1310 specieS,
553 1278 670 1309 nempe
693 1279 733 1298 ex
756 1269 793 1307 2,
818 1268 853 1307 3,
881 1269 917 1308 4,
940 1274 1000 1299 etc.
1021 1268 1160 1300 lentibus
1180 1271 1214 1300 in
1237 1271 1354 1313 primo,
1376 1282 1450 1314 spe-

125 1333 143 1352 »
159 1321 238 1353 culis
258 1321 292 1351 in
313 1320 467 1360 secundo,
488 1319 628 1351 lentibus
646 1327 678 1352 et
698 1321 834 1363 speculis
852 1322 886 1352 in
907 1322 1011 1353 tertio.
1035 1323 1077 1353 Et
1094 1324 1127 1353 in
1148 1323 1280 1366 singulis
1301 1324 1362 1355 illis
1376 1336 1450 1367 spe-

123 1387 142 1406 »
158 1375 266 1406 ciebus
290 1380 364 1406 sunt
387 1374 492 1405 adhuc
517 1374 588 1406 duae
615 1374 865 1414 subdivisioneS,
895 1387 959 1406 una
988 1383 1193 1418 repraesentat
1217 1378 1391 1420 imaginem
1415 1379 1449 1409 in

124 1429 222 1459 »situ
242 1433 364 1467 erecto,
386 1427 483 1458 altera
504 1428 537 1458 in
558 1428 621 1459 situ
642 1439 766 1467 everso,
784 1439 801 1459 e
817 1427 933 1470 quibus
954 1428 1007 1459 illa
1026 1440 1151 1471 semper
1170 1436 1216 1460 est
1235 1430 1448 1472 praeferenda,

125 1492 143 1512 ))
159 1482 272 1512 ceteris
296 1480 444 1523 paribus,
485 1492 557 1524 quae
583 1487 787 1524 repraesentat
817 1482 987 1524 imaginem
1017 1483 1050 1513 in
1079 1484 1142 1513 situ
1166 1494 1241 1514 vero
1274 1489 1306 1514 et
1332 1490 1448 1515 erecto.

125 1546 143 1565 >³
158 1535 260 1565 Primi
281 1540 387 1565 autem
408 1535 548 1576 generis,
574 1545 691 1576 nempe
712 1546 730 1566 e
749 1535 838 1577 puris
856 1535 1033 1578 dioptricis,
1059 1536 1129 1567 haec
1149 1542 1196 1567 est
1215 1536 1278 1567 sola
1303 1538 1450 1580 proprie—

126 1600 144 1619 »
160 1594 224 1628 tas,
254 1589 339 1630 quod
365 1589 460 1630 possit
483 1587 623 1619 lentibus
646 1589 771 1631 quotvis
797 1589 992 1629 continuari,
1016 1590 1060 1619 ita
1085 1596 1121 1620 ut
1144 1589 1265 1621 visibile
1291 1597 1449 1633 quantum

127 1641 238 1672 »libet
259 1641 485 1683 amplificetur,
512 1640 579 1672 haec
600 1647 708 1672 autem
728 1641 824 1673 habet
842 1642 1055 1682 incommoda,
1073 1643 1190 1685 primo,
1213 1644 1311 1686 ipsius
1331 1645 1450 1687 species

126 1706 145 1725 ))
161 1694 353 1737 plerumque
376 1695 410 1725 in
429 1694 665 1735 longitudinem
684 1707 748 1726 non
771 1697 843 1726 satis
863 1696 1060 1727 tractabilem
1080 1703 1284 1737 excrescunt,
1310 1697 1449 1729 secundo

127 1749 324 1790 »pertinens
345 1747 383 1779 ad
404 1749 576 1790 imaginem
596 1748 743 1779 ultimam
767 1760 830 1780 non
853 1755 956 1791 potest
976 1750 1049 1780 satis
1073 1750 1196 1781 dilatari
1222 1750 1261 1781 ad
1284 1751 1449 1782 illustran-

127 1813 146 1832 ))
163 1801 217 1832 das
237 1802 405 1844 imagines,
430 1801 548 1844 absque
568 1813 682 1845 magna
703 1803 840 1833 crassitie
864 1802 965 1833 radios
989 1803 1118 1834 visibilis
1138 1803 1338 1843 debilitante,
1358 1805 1449 1835 tertio

128 1854 361 1897 »singularum
383 1855 519 1886 lentium
550 1856 701 1887 crassities
725 1855 826 1886 radios
857 1855 984 1887 visibilis
1008 1855 1244 1899 aliquantulum
1271 1856 1447 1887 debilitant.

128 1920 147 1940 ))
163 1908 301 1940 Secundi
324 1919 397 1940 vero
422 1909 545 1951 generis
570 1909 620 1940 hae
641 1915 716 1940 sunt
741 1909 965 1953 proprietates:
995 1910 1097 1951 primo
1118 1910 1203 1952 quod
1227 1911 1387 1952 pertinens
1410 1910 1468 1941 adv

131 1961 335 2004 »imaginem
356 1961 500 1993 ultimam
521 1962 616 2004 possit
636 1962 674 1993 ad
695 1961 821 1992 libitum
843 1962 967 1993 dilatari
989 1962 1106 2005 absque
1127 1963 1189 1994 ulla
1213 1963 1372 1994 radiorum
1392 1963 1450 1994 (le-

131 2025 149 2045 ))
165 2014 360 2055 bilitatione3
385 2015 541 2055 secundo,
568 2015 652 2058 quod
673 2016 771 2058 ipsius
793 2017 911 2059 species
932 2027 996 2047 non
1018 2023 1201 2048 excrescant
1221 2017 1253 2047 in
1274 2016 1450 2060 longitudi-
