1809 2469
908 227 918 269 (
944 227 984 267 14
1008 227 1020 269 )

351 317 518 349 Fateamur
537 317 636 360 igitur
660 320 799 358 oportet,
823 314 882 345 hac
905 324 1053 344 mensura
1077 311 1216 343 adhibila
1238 313 1402 346 hominem
1423 315 1528 357 ipsum
1553 326 1625 346 cum

308 380 454 410 omnibus
478 380 531 418 iis,
560 389 632 422 quae
660 380 692 409 in
716 377 809 409 rebus
832 377 980 408 humanis
1007 387 1120 418 magna
1146 376 1303 408 habentur
1325 384 1381 409 aut
1402 378 1572 418 (licuntur,
1596 379 1628 409 in

307 441 443 472 nihilum
465 441 604 472 recidere
629 452 664 471 ac
686 451 812 483 prorsus
837 450 1034 471 evanescere.

351 505 398 536 Ex
419 505 515 536 altera
535 515 609 536 vero
625 510 713 546 parte
734 503 821 546 juxta
839 503 1059 534 conscientiam
1079 504 1240 535 inanitatis
1259 505 1359 535 omnis
1376 506 1527 547 potentiae
1542 505 1626 548 phy—

307 569 376 600 sicae
395 569 544 600 humanae
561 573 702 610 emergat
717 578 841 598 necesse
862 572 908 597 est
927 567 1058 597 intimus
1079 565 1278 597 sublimitatis
1299 578 1407 598 sensus
1425 579 1442 598 e
1463 569 1627 599 conscien-

307 632 347 662 tia
374 632 499 663 viitutis
519 631 655 673 ingenii,
687 641 749 672 qua
772 629 884 667 homo,
909 628 983 659 licet
1010 629 1169 669 gravitatis
1194 629 1328 660 vinculis
1354 629 1430 660 huic
1455 629 1547 671 globo
1570 629 1627 660 ad-

306 695 444 733 strictus,
472 695 558 724 omni
579 700 707 724 externa
730 698 851 723 naturae
876 692 905 723 vi
926 697 1089 733 superata,
1110 701 1146 721 eo
1166 692 1326 733 pervenit,
1349 697 1386 722 ut
1402 703 1441 722 ex
1462 692 1626 723 levissimis

306 757 429 787 indiciis
446 767 617 798 paucorum
638 755 797 785 radiorum
819 754 898 784 lucis
920 753 1128 784 tremulorum
1152 754 1292 784 universi
1312 755 1427 784 infiniti
1447 754 1532 797 leges
1552 766 1626 786 cum

306 819 410 861 rigore
441 829 598 849 assensum
622 823 830 859 extorquente
854 816 1012 855 deducat,
1047 814 1181 857 ejusque
1210 822 1314 847 motus
1341 828 1449 848 omnes
1479 818 1511 847 in
1537 829 1627 848 suam

306 886 490 923 potestatem
513 881 555 910 ita
582 879 719 922 redigat,
754 886 790 911 ut
817 890 927 910 eorum
949 878 1157 921 phaenomena
1182 878 1221 908 ad
1241 878 1405 920 quodlibet
1426 886 1625 911 momentum

305 943 357 976 vel
380 943 531 986 praeteriti
552 942 602 974 vel
622 943 725 973 futuri
747 943 805 973 aevi
829 942 927 973 relata
950 941 1070 972 calculo
1091 940 1247 972 subducto
1271 953 1345 972 cum
1369 952 1491 973 summa
1515 944 1628 984 praeci—

307 1007 393 1037 sione
419 1006 631 1036 determinare
657 1005 769 1038 valeat.

349 1068 417 1098 Hoc
437 1067 565 1099 consiho
587 1079 626 1099 ex
649 1073 790 1110 angustae
815 1066 1016 1098 habitationis
1039 1071 1150 1096 uostrae
1173 1066 1328 1097 limitibus
1350 1068 1522 1109 progressi,
1545 1078 1624 1099 cen-

307 1138 392 1163 trum
424 1131 531 1163 orbitae
559 1131 679 1163 telluris
704 1137 899 1174 quaerentes,
930 1130 969 1161 ad
997 1129 1094 1160 solem
1122 1129 1318 1168 deferimur,
1353 1140 1448 1172 quem
1476 1129 1628 1161 undecim

307 1194 441 1237 planetis
466 1195 622 1237 primariis
644 1206 679 1225 ac
701 1195 869 1226 duodecim
889 1194 1082 1226 secundariis
1107 1193 1317 1236 pluribusque
1337 1200 1532 1224 cometarum
1550 1205 1628 1225 cen—

308 1257 399 1288 turiis
427 1258 576 1299 stipatum
604 1257 731 1288 sublimi
758 1269 866 1300 gressu
894 1269 950 1300 per
984 1258 1136 1288 immensa
1168 1256 1321 1287 coelorum
1352 1257 1450 1298 spatia
1479 1257 1627 1288 incedere

308 1320 592 1363 deprehendimus,
627 1321 757 1363 sphaeris
792 1322 890 1363 ipsius
924 1320 1037 1351 ditioni
1068 1319 1216 1361 subjectis
1247 1330 1321 1350 cum
1352 1319 1475 1350 lumine
1505 1320 1628 1351 fontem

308 1383 409 1413 omnis
429 1383 500 1414 vitae
525 1382 774 1424 dispertientem.
800 1382 892 1414 Ultra
912 1382 1009 1427 hujus
1030 1383 1204 1425 systematis
1225 1383 1323 1413 nostri
1347 1382 1454 1414 solaris
1477 1384 1628 1414 terminos

310 1445 432 1487 evagati
457 1444 554 1474 stellis
575 1445 643 1474 fixis
661 1445 893 1485 immiscemur,
915 1445 1030 1488 quibus
1050 1445 1122 1476 coeli
1138 1445 1292 1475 fornicem
1308 1451 1464 1476 nocturno
1484 1452 1627 1489 tempore

310 1506 446 1537 obsitum
470 1511 644 1547 stupemus
671 1506 756 1537 Inter
780 1507 836 1538 has
859 1508 1019 1550 praecipue
1040 1507 1109 1538 illas
1137 1507 1378 1550 distinguinmS,
1407 1519 1485 1550 quas
1514 1520 1627 1551 segre-

308 1575 410 1612 gatas
435 1568 594 1611 appellare
622 1569 712 1608 licet,
748 1571 898 1612 quoniam
925 1577 988 1602 tam
1012 1572 1167 1601 immenso
1195 1569 1361 1601 intervallo
1390 1581 1407 1599 a
1433 1581 1466 1600 se
1487 1571 1626 1602 invicem

311 1633 443 1671 distant,
469 1638 506 1663 ut
526 1638 676 1674 tanquam
693 1634 723 1664 vi
745 1634 936 1664 attractionis
958 1639 1079 1664 mutuae
1099 1631 1265 1663 subtractae
1286 1631 1475 1663 considerari
1496 1633 1624 1674 possint.

311 1694 410 1738 Cujus
431 1694 554 1737 generis
576 1700 650 1725 sunt
673 1696 865 1732 Arcturus,
894 1687 1084 1731 Bellatrix,
1116 1695 1284 1736 Canopus,
1314 1695 1468 1736 Capella,
1497 1695 1627 1726 Lucida

312 1758 429 1799 [θη-αξ,
456 1757 562 1787 Sirius
587 1763 619 1788 et
644 1758 820 1789 innumera?
843 1758 929 1798 aliae,
955 1769 1033 1800 quas
1054 1769 1180 1797 omneS‚
1205 1759 1303 1789 instar
1322 1758 1393 1788 solis
1412 1758 1525 1797 nostri,
1551 1758 1627 1789 toti-

312 1820 384 1850 dem
410 1819 559 1850 similium
589 1826 792 1862 systematum
823 1821 971 1852 solarium
1003 1827 1111 1852 centra
1141 1832 1206 1852 esse
1233 1832 1297 1851 non
1331 1822 1397 1852 sine
1427 1832 1540 1863 magna
1561 1832 1617 1853 ver

313 1883 415 1925 specie
439 1883 663 1914 existimamus.

356 1945 405 1975 Ab
435 1944 520 1975 hisce
550 1945 770 1988 systematibus
799 1947 949 1979 solaribus
978 1948 1021 1978 ita
1050 1947 1247 1989 compositis,
1287 1952 1323 1976 ut
1355 1957 1462 1976 omnes
1492 1945 1626 1987 planetae

315 2013 409 2049 atque
432 2013 561 2038 cometae
585 2007 646 2038 illis
669 2009 886 2051 comprehensi
911 2010 1048 2053 corporis
1076 2009 1241 2054 cujusdam
1267 2008 1412 2039 centralis
1441 2009 1626 2039 attractione

1792 2273 1802 2469 -ι-ῂ-ὴ
1803 2172 1806 2183 -
