1809 2469
916 216 1030 259 (20)

306 307 508 350 impellente,
539 306 627 348 digni
651 305 787 336 Uranies
809 303 920 346 templi
946 303 1156 335 fundamenta
1180 304 1262 348 jacta
1284 311 1375 346 sunt,
1399 305 1501 337 cedat.
1532 306 1639 350 Flagi-

305 377 375 402 tant
394 371 532 412 denique
555 369 615 400 hoc
637 368 799 400 commoda
821 368 941 399 civium
965 367 1062 411 hujus
1084 367 1186 407 urbis,
1213 369 1334 410 quippe
1359 379 1430 411 quae
1449 369 1482 400 in
1503 381 1639 401 numero

304 435 427 466 sedium
450 433 685 465 academiarum
708 433 827 475 pariter
844 432 938 463 unica
962 436 1024 470 est,
1047 442 1118 474 quae
1139 431 1266 474 gloriari
1286 432 1382 474 possit
1407 431 1545 472 civibus,
1565 433 1638 476 qui,

304 499 401 529 instar
426 504 604 528 nostrorum
639 497 854 532 Corkiorum,
893 496 1090 525 Smetiorum
1118 495 1341 538 aliorumque,
1370 502 1570 539 occupentur
1604 497 1638 528 in

304 562 438 595 navibus
458 560 651 593 instruendis
668 559 918 601 mei-undisque,
940 558 1057 601 quibus
1073 558 1174 589 omnis
1192 559 1317 600 generis
1337 570 1449 601 opera⁷
1472 558 1569 602 hujus
1587 559 1640 591 vel

303 626 391 657 urbis
416 625 467 657 vel
489 625 580 667 regni
604 624 759 655 industria
786 623 918 663 effecta,
946 633 1004 665 per
1032 622 1138 653 omnia
1165 621 1250 665 globi
1275 623 1374 654 nostri
1399 623 1497 653 maria
1524 622 1640 654 ‹listra-

302 689 406 720 henda
432 694 556 719 curent.

348 752 498 783 Ceterum
513 775 521 790 ,
550 751 574 781 si
601 755 704 781 vestra
733 748 880 781 voluntas
906 749 1020 779 nostris
1048 749 1128 780 votis
1152 760 1188 779 ac
1212 749 1361 791 precihus
1386 760 1532 780 annuens
1555 749 1639 780 hanc

301 816 465 848 Musarum
486 815 592 846 sedem
618 813 830 845 observator-io
854 813 1033 852 ornaverit,
1064 812 1247 854 longissime
1274 812 1385 843 absum
1409 812 1448 843 ab
1472 813 1531 843 isto
1555 813 1640 844 desi-

301 879 405 918 derio,
434 884 471 909 ut
495 877 617 909 alumni
641 875 692 908 vel
715 886 839 915 omnes,
866 874 918 906 vel
940 874 1059 905 ordinis
1082 874 1249 918 cujusdam
1277 875 1384 917 aliqua
1408 874 1479 918 Iege
1504 881 1639 906 tenean-

302 948 355 974 tur
380 941 501 972 scholas
526 939 749 971 astronomicas
771 938 883 980 sequi3
914 938 1014 980 magis
1036 949 1176 970 amarem
1201 944 1239 970 ut
1258 938 1320 969 illis
1346 938 1638 979 interdicerentur,

303 1006 454 1048 quoniam
480 1010 559 1035 tunc
583 1002 761 1034 secundum
782 1000 1036 1042 vulgatissimum
1058 1000 1157 1031 illud:

437 1069 623 1099 «Nitimur
647 1067 681 1096 in
706 1066 844 1096 vetitum
865 1074 1010 1104 semper,
1040 1064 1259 1105 cupimusque
1284 1063 1445 1106 negata.’'

304 1144 430 1176 sperare
449 1132 575 1171 liceret,
597 1141 771 1162 numerum
791 1127 952 1159 cultorum
972 1126 1180 1157 Asu—onomiae
1196 1132 1284 1157 tanto
1303 1127 1454 1170 majorem
1473 1127 1636 1158 futurum.

300 1197 341 1227 Et
361 1197 509 1228 universe
527 1195 625 1237 magis
646 1192 776 1235 expedit
795 1190 928 1234 juvenes
950 1189 1153 1221 clandestinis
1173 1190 1310 1221 Uranies
1334 1190 1496 1222 amoribus
1516 1192 1636 1231 teneri,

301 1260 421 1301 qnippe
448 1259 503 1301 qui
527 1263 603 1288 sunt
626 1253 854 1293 ardentissimi,
878 1253 1142 1293 constantissimi,
1168 1253 1425 1284 fructuosissimi.
1461 1254 1554 1285 Hisce
1578 1253 1637 1285 de-

298 1323 412 1355 bemus
440 1322 628 1358 Lowizios,
664 1320 845 1360 ll1czyeros,
877 1315 1116 1351 Herschelios,
1150 1315 1368 1353 Lambertos,
1404 1317 1634 1354 Schroeteros,

305 1386 475 1417 Olhersios
486 1408 498 1421 ,
534 1382 725 1413 qurmios.

342 1449 436 1480 Hisce
458 1454 490 1479 et
511 1447 598 1490 apud
622 1457 678 1476 nos
702 1443 848 1491 yidebitis
872 1444 955 1476 viros
978 1443 1127 1483 formari,
1152 1445 1226 1487 qui,
1251 1455 1291 1475 ex
1313 1444 1537 1475 Archimedis
1557 1455 1637 1476 con-

298 1511 386 1551 silio,
416 1516 557 1541 caveant
586 1510 733 1551 cogitare
757 1506 939 1549 feminam,
969 1508 1058 1538 Deae·
1080 1507 1238 1548 favorem
1264 1508 1343 1539 dum
1371 1509 1546 1547 ambiunt,·
1578 1510 1636 1551 qui

297 1575 411 1606 fortius
436 1578 643 1605 contemnant
671 1583 706 1603 ac
734 1571 909 1614 despiciant
932 1583 989 1611 ea,
1020 1583 1092 1614 quae
1123 1572 1220 1615 vulgo
1244 1571 1348 1615 ampla
1372 1572 1555 1613 ducuntur,
1578 1573 1633 1615 qui

297 1639 331 1669 in
354 1649 463 1669 rerum
487 1637 668 1679 cognitione
689 1635 868 1677 mentisque
890 1635 981 1666 cultu
1000 1635 1129 1666 felicem
1145 1642 1177 1669 et
1195 1635 1320 1667 beatam
1341 1637 1439 1668 vitam
1459 1641 1633 1678 reponant,

297 1702 353 1745 qui
378 1701 529 1733 libentius
558 1707 590 1732 et
620 1701 814 1731 constantius
837 1701 872 1732 in
902 1712 938 1732 ea
962 1701 1142 1733 studiorum
1166 1706 1274 1744 parte,
1304 1700 1343 1732 ad
1372 1711 1469 1743 quam
1495 1699 1634 1742 quisque

296 1764 419 1796 delatus
443 1765 561 1804 fuerit,
589 1770 816 1803 exerceantur,
842 1765 898 1808 qui
919 1764 1002 1796 bene
1026 1764 1065 1796 de
1089 1765 1157 1796 aliis
1181 1765 1297 1796 mereri
1320 1764 1346 1795 si
1368 1764 1502 1806 possint,
1526 1774 1631 1794 unum

295 1828 435 1860 habeant
456 1829 595 1859 maxime
619 1814 807 1870 praeclarum
833 1833 865 1858 et
886 1828 1067 1871 jucundum
1081 1853 1089 1867 ‚
1116 1828 1173 1871 qui
1197 1827 1378 1858 satisfacere
1406 1826 1526 1869 possint
1546 1825 1630 1868 legi,

295 1904 312 1923 a
334 1893 420 1935 regio
442 1892 649 1934 philosopho,
674 1891 774 1923 seculi
802 1892 1009 1934 praecedentis
1034 1897 1242 1931 ornamento,
1268 1889 1502 1921 Professoribus
1525 1890 1632 1931 impo—

294 1956 376 1995 sitae,
402 1967 481 1998 quos
501 1955 582 1986 dixit
599 1955 764 1998 stipendiis
785 1955 842 1995 ali,
868 1962 907 1986 ut
922 1962 1050 1993 essent,
1076 1957 1136 1999 qui
1158 1955 1247 1986 nihil
1265 1955 1474 1997 ignorarent,
1495 1953 1551 1995 qui
1571 1952 1630 1984 de—

294 2019 412 2061 nique,
438 2025 476 2050 ut
501 2018 598 2051 verbo
621 2019 725 2050 onmia
751 2020 960 2063 complectar,
986 2027 1019 2053 et
1043 2021 1104 2064 ipsi
1130 2019 1267 2051 convicti
1291 2018 1370 2058 sint,
1396 2022 1429 2048 et
1451 2016 1526 2048 alios
1550 2027 1630 2048 con-

290 2082 418 2114 vincere
442 2083 580 2125 possint,
606 2083 675 2113 vivi
701 2083 844 2126 ingenio.
