<?xml version="1.0" encoding="UTF-8"?>
<!DOCTYPE html PUBLIC "-//W3C//DTD XHTML 1.0 Transitional//EN"
    "http://www.w3.org/TR/xhtml1/DTD/xhtml1-transitional.dtd">
<html xmlns="http://www.w3.org/1999/xhtml" xml:lang="en" lang="en">
 <head>
  <title>
</title>
<meta http-equiv="Content-Type" content="text/html;charset=utf-8" />
  <meta name='ocr-system' content='tesseract 3.04.00' />
  <meta name='ocr-capabilities' content='ocr_page ocr_carea ocr_par ocr_line ocrx_word'/>
</head>
<body>
  <div class='ocr_page' id='page_1' title='image "annalesacademiae26gand_0269.png"; bbox 0 0 1809 2469; ppageno 0'>
   <div class='ocr_carea' id='block_1_1' title="bbox 164 259 1502 1550">
    <p class='ocr_par' dir='ltr' id='par_1_1' title="bbox 164 259 1494 641">
     <span class='ocr_line' id='line_1_1' title="bbox 773 259 885 302; baseline 0 0"><span class='ocrx_word' id='word_1_1' title='bbox 773 259 785 302; x_wconf 89' lang='lat'>(</span> <span class='ocrx_word' id='word_1_2' title='bbox 809 260 846 292; x_wconf 76' lang='lat'>51</span> <span class='ocrx_word' id='word_1_3' title='bbox 873 260 885 302; x_wconf 87' lang='lat'>)</span> 
     </span>
     <span class='ocr_line' id='line_1_2' title="bbox 165 331 1489 378; baseline 0.001 -13"><span class='ocrx_word' id='word_1_4' title='bbox 165 333 351 378; x_wconf 75' lang='lat' dir='ltr'><strong>posteriores</strong></span> <span class='ocrx_word' id='word_1_5' title='bbox 379 333 537 373; x_wconf 78' lang='lat' dir='ltr'><strong>destruxi,</strong></span> <span class='ocrx_word' id='word_1_6' title='bbox 568 339 601 365; x_wconf 88' lang='lat' dir='ltr'>et</span> <span class='ocrx_word' id='word_1_7' title='bbox 625 334 659 364; x_wconf 89' lang='lat' dir='ltr'>in</span> <span class='ocrx_word' id='word_1_8' title='bbox 685 331 804 363; x_wconf 86' lang='lat' dir='ltr'>vulnus</span> <span class='ocrx_word' id='word_1_9' title='bbox 828 332 949 374; x_wconf 88' lang='lat' dir='ltr'>aliquas</span> <span class='ocrx_word' id='word_1_10' title='bbox 977 333 1175 376; x_wconf 82' lang='lat' dir='ltr'>Stryehninae</span> <span class='ocrx_word' id='word_1_11' title='bbox 1204 334 1344 377; x_wconf 78' lang='lat' dir='ltr'>guttulas</span> <span class='ocrx_word' id='word_1_12' title='bbox 1367 335 1489 374; x_wconf 90' lang='lat' dir='ltr'>infudi;</span> 
     </span>
     <span class='ocr_line' id='line_1_3' title="bbox 164 385 1491 432; baseline 0.001 -14"><span class='ocrx_word' id='word_1_13' title='bbox 164 393 235 432; x_wconf 88' lang='lat' dir='ltr'>post</span> <span class='ocrx_word' id='word_1_14' title='bbox 253 393 413 418; x_wconf 83' lang='lat' dir='ltr'>momenta</span> <span class='ocrx_word' id='word_1_15' title='bbox 433 386 538 430; x_wconf 85' lang='lat' dir='ltr'>aliqua</span> <span class='ocrx_word' id='word_1_16' title='bbox 561 385 744 417; x_wconf 83' lang='lat' dir='ltr'>oriebantur</span> <span class='ocrx_word' id='word_1_17' title='bbox 763 385 969 416; x_wconf 81' lang='lat' dir='ltr'>vehementes</span> <span class='ocrx_word' id='word_1_18' title='bbox 989 388 1235 427; x_wconf 62' lang='lat' dir='ltr'>contractiones,</span> <span class='ocrx_word' id='word_1_19' title='bbox 1260 399 1368 418; x_wconf 85' lang='lat' dir='ltr'>omnes</span> <span class='ocrx_word' id='word_1_20' title='bbox 1388 394 1491 430; x_wconf 81' lang='lat' dir='ltr'>partes</span> 
     </span>
     <span class='ocr_line' id='line_1_4' title="bbox 165 438 1493 481; baseline 0.001 -10"><span class='ocrx_word' id='word_1_21' title='bbox 165 440 249 472; x_wconf 84' lang='lat' dir='ltr'>infra</span> <span class='ocrx_word' id='word_1_22' title='bbox 269 440 442 471; x_wconf 85' lang='lat' dir='ltr'>incisuram</span> <span class='ocrx_word' id='word_1_23' title='bbox 464 440 555 470; x_wconf 84' lang='lat' dir='ltr'>factae</span> <span class='ocrx_word' id='word_1_24' title='bbox 573 438 738 469; x_wconf 87' lang='lat' dir='ltr'>dilacerari</span> <span class='ocrx_word' id='word_1_25' title='bbox 758 443 922 480; x_wconf 82' lang='lat' dir='ltr'>poterant,</span> <span class='ocrx_word' id='word_1_26' title='bbox 945 438 1063 481; x_wconf 85' lang='lat' dir='ltr'>absque</span> <span class='ocrx_word' id='word_1_27' title='bbox 1083 450 1120 470; x_wconf 89' lang='lat' dir='ltr'>eo</span> <span class='ocrx_word' id='word_1_28' title='bbox 1141 446 1176 471; x_wconf 84' lang='lat' dir='ltr'>ut</span> <span class='ocrx_word' id='word_1_29' title='bbox 1197 441 1315 471; x_wconf 86' lang='lat' dir='ltr'>animal</span> <span class='ocrx_word' id='word_1_30' title='bbox 1334 452 1374 472; x_wconf 87' lang='lat' dir='ltr'>ne</span> <span class='ocrx_word' id='word_1_31' title='bbox 1395 442 1493 472; x_wconf 86' lang='lat' dir='ltr'>mini-</span> 
     </span>
     <span class='ocr_line' id='line_1_5' title="bbox 165 490 1491 536; baseline 0 -11"><span class='ocrx_word' id='word_1_32' title='bbox 165 504 257 526; x_wconf 85' lang='lat' dir='ltr'>mum</span> <span class='ocrx_word' id='word_1_33' title='bbox 278 493 407 536; x_wconf 87' lang='lat' dir='ltr'>quidem</span> <span class='ocrx_word' id='word_1_34' title='bbox 432 492 552 523; x_wconf 78' lang='lat' dir='ltr'>doloris·</span> <span class='ocrx_word' id='word_1_35' title='bbox 565 502 692 523; x_wconf 83' lang='lat' dir='ltr'>sensum</span> <span class='ocrx_word' id='word_1_36' title='bbox 713 502 752 522; x_wconf 78' lang='lat' dir='ltr'>ex</span> <span class='ocrx_word' id='word_1_37' title='bbox 773 490 921 522; x_wconf 92' lang='lat' dir='ltr'>omnibus</span> <span class='ocrx_word' id='word_1_38' title='bbox 941 490 1003 522; x_wconf 87' lang='lat' dir='ltr'>illis</span> <span class='ocrx_word' id='word_1_39' title='bbox 1025 492 1277 524; x_wconf 76' lang='lat' dir='ltr'>mutilationibus</span> <span class='ocrx_word' id='word_1_40' title='bbox 1297 494 1491 536; x_wconf 80' lang='lat' dir='ltr'>perciperet3</span> 
     </span>
     <span class='ocr_line' id='line_1_6' title="bbox 167 544 1494 590; baseline 0.001 -12"><span class='ocrx_word' id='word_1_41' title='bbox 167 553 272 590; x_wconf 82' lang='lat' dir='ltr'>partes</span> <span class='ocrx_word' id='word_1_42' title='bbox 299 547 360 578; x_wconf 80' lang='lat' dir='ltr'>illae</span> <span class='ocrx_word' id='word_1_43' title='bbox 392 546 469 577; x_wconf 89' lang='lat' dir='ltr'>dum</span> <span class='ocrx_word' id='word_1_44' title='bbox 503 546 671 576; x_wconf 80' lang='lat' dir='ltr'>tractiones</span> <span class='ocrx_word' id='word_1_45' title='bbox 701 544 904 587; x_wconf 82' lang='lat' dir='ltr'>patiebantur</span> <span class='ocrx_word' id='word_1_46' title='bbox 933 544 1062 576; x_wconf 88' lang='lat' dir='ltr'>nullum</span> <span class='ocrx_word' id='word_1_47' title='bbox 1097 546 1308 578; x_wconf 83' lang='lat' dir='ltr'>convulsionis</span> <span class='ocrx_word' id='word_1_48' title='bbox 1339 547 1494 579; x_wconf 86' lang='lat' dir='ltr'>indicium</span> 
     </span>
     <span class='ocr_line' id='line_1_7' title="bbox 166 597 1492 641; baseline 0 -10"><span class='ocrx_word' id='word_1_49' title='bbox 166 600 428 639; x_wconf 78' lang='lat' dir='ltr'>manifestabant,</span> <span class='ocrx_word' id='word_1_50' title='bbox 448 605 487 630; x_wconf 79' lang='lat' dir='ltr'>ut</span> <span class='ocrx_word' id='word_1_51' title='bbox 508 600 542 630; x_wconf 87' lang='lat' dir='ltr'>fit</span> <span class='ocrx_word' id='word_1_52' title='bbox 562 599 639 630; x_wconf 89' lang='lat' dir='ltr'>dum</span> <span class='ocrx_word' id='word_1_53' title='bbox 661 598 851 641; x_wconf 77' lang='lat' dir='ltr'>Strychnina</span> <span class='ocrx_word' id='word_1_54' title='bbox 873 608 930 639; x_wconf 82' lang='lat' dir='ltr'>per</span> <span class='ocrx_word' id='word_1_55' title='bbox 951 597 1191 640; x_wconf 83' lang='lat' dir='ltr'>deglutitionem</span> <span class='ocrx_word' id='word_1_56' title='bbox 1213 599 1394 631; x_wconf 77' lang='lat' dir='ltr'>introducta</span> <span class='ocrx_word' id='word_1_57' title='bbox 1418 600 1492 631; x_wconf 86' lang='lat' dir='ltr'>fuit.</span> 
     </span>
    </p>

    <p class='ocr_par' dir='ltr' id='par_1_2' title="bbox 168 651 1497 963">
     <span class='ocr_line' id='line_1_8' title="bbox 211 651 1495 694; baseline 0.001 -11"><span class='ocrx_word' id='word_1_58' title='bbox 211 654 248 683; x_wconf 89' lang='lat' dir='ltr'>In</span> <span class='ocrx_word' id='word_1_59' title='bbox 270 653 330 684; x_wconf 84' lang='lat' dir='ltr'>alio</span> <span class='ocrx_word' id='word_1_60' title='bbox 351 652 426 683; x_wconf 86' lang='lat' dir='ltr'>Fele</span> <span class='ocrx_word' id='word_1_61' title='bbox 446 652 586 683; x_wconf 85' lang='lat' dir='ltr'>resecavi</span> <span class='ocrx_word' id='word_1_62' title='bbox 607 651 769 683; x_wconf 89' lang='lat' dir='ltr'>funiculos</span> <span class='ocrx_word' id='word_1_63' title='bbox 792 651 943 682; x_wconf 87' lang='lat' dir='ltr'>medullae</span> <span class='ocrx_word' id='word_1_64' title='bbox 967 653 1138 683; x_wconf 87' lang='lat' dir='ltr'>anteriores</span> <span class='ocrx_word' id='word_1_65' title='bbox 1158 652 1197 683; x_wconf 88' lang='lat' dir='ltr'>ad</span> <span class='ocrx_word' id='word_1_66' title='bbox 1217 658 1338 694; x_wconf 78' lang='lat' dir='ltr'>partem</span> <span class='ocrx_word' id='word_1_67' title='bbox 1361 652 1495 684; x_wconf 88' lang='lat' dir='ltr'>inferio—</span> 
     </span>
     <span class='ocr_line' id='line_1_9' title="bbox 168 705 1495 748; baseline -0.001 -10"><span class='ocrx_word' id='word_1_68' title='bbox 168 718 235 738; x_wconf 88' lang='lat' dir='ltr'>rem</span> <span class='ocrx_word' id='word_1_69' title='bbox 255 707 507 738; x_wconf 77' lang='lat' dir='ltr'>intumescentiae</span> <span class='ocrx_word' id='word_1_70' title='bbox 528 706 712 748; x_wconf 72' lang='lat' dir='ltr'>superioris,</span> <span class='ocrx_word' id='word_1_71' title='bbox 735 705 845 736; x_wconf 88' lang='lat' dir='ltr'>eodem</span> <span class='ocrx_word' id='word_1_72' title='bbox 866 711 1028 736; x_wconf 83' lang='lat' dir='ltr'>momento</span> <span class='ocrx_word' id='word_1_73' title='bbox 1050 705 1152 735; x_wconf 86' lang='lat' dir='ltr'>omnis</span> <span class='ocrx_word' id='word_1_74' title='bbox 1172 705 1320 736; x_wconf 76' lang='lat' dir='ltr'>motilitas</span> <span class='ocrx_word' id='word_1_75' title='bbox 1336 705 1495 737; x_wconf 84' lang='lat' dir='ltr'>destructa</span> 
     </span>
     <span class='ocr_line' id='line_1_10' title="bbox 170 758 1497 803; baseline 0 -13"><span class='ocrx_word' id='word_1_76' title='bbox 170 760 233 791; x_wconf 80' lang='lat' dir='ltr'>fuit</span> <span class='ocrx_word' id='word_1_77' title='bbox 252 761 286 790; x_wconf 88' lang='lat' dir='ltr'>in</span> <span class='ocrx_word' id='word_1_78' title='bbox 307 759 450 803; x_wconf 82' lang='lat' dir='ltr'>partibus</span> <span class='ocrx_word' id='word_1_79' title='bbox 469 759 553 790; x_wconf 82' lang='lat' dir='ltr'>infra</span> <span class='ocrx_word' id='word_1_80' title='bbox 576 760 761 790; x_wconf 88' lang='lat' dir='ltr'>incisionem</span> <span class='ocrx_word' id='word_1_81' title='bbox 783 760 858 790; x_wconf 79' lang='lat' dir='ltr'>sitis.</span> <span class='ocrx_word' id='word_1_82' title='bbox 885 759 969 790; x_wconf 85' lang='lat' dir='ltr'>Dein</span> <span class='ocrx_word' id='word_1_83' title='bbox 992 759 1112 802; x_wconf 85' lang='lat' dir='ltr'>aliquas</span> <span class='ocrx_word' id='word_1_84' title='bbox 1133 758 1230 801; x_wconf 83' lang='lat' dir='ltr'>hujus</span> <span class='ocrx_word' id='word_1_85' title='bbox 1251 760 1398 790; x_wconf 68' lang='lat' dir='ltr'>tincturae</span> <span class='ocrx_word' id='word_1_86' title='bbox 1420 766 1497 802; x_wconf 79' lang='lat' dir='ltr'>gut-</span> 
     </span>
     <span class='ocr_line' id='line_1_11' title="bbox 168 812 1495 856; baseline -0.001 -12"><span class='ocrx_word' id='word_1_87' title='bbox 168 813 251 845; x_wconf 89' lang='lat' dir='ltr'>tulas</span> <span class='ocrx_word' id='word_1_88' title='bbox 273 813 402 844; x_wconf 86' lang='lat' dir='ltr'>animali</span> <span class='ocrx_word' id='word_1_89' title='bbox 427 813 568 856; x_wconf 80' lang='lat' dir='ltr'>praebui,</span> <span class='ocrx_word' id='word_1_90' title='bbox 600 819 632 844; x_wconf 81' lang='lat' dir='ltr'>et</span> <span class='ocrx_word' id='word_1_91' title='bbox 657 814 761 844; x_wconf 82' lang='lat' dir='ltr'>statim</span> <span class='ocrx_word' id='word_1_92' title='bbox 786 813 819 843; x_wconf 90' lang='lat' dir='ltr'>in</span> <span class='ocrx_word' id='word_1_93' title='bbox 845 812 987 855; x_wconf 81' lang='lat' dir='ltr'>partibus</span> <span class='ocrx_word' id='word_1_94' title='bbox 1012 824 1106 855; x_wconf 80' lang='lat' dir='ltr'>supra</span> <span class='ocrx_word' id='word_1_95' title='bbox 1138 812 1255 844; x_wconf 85' lang='lat' dir='ltr'>vulnus</span> <span class='ocrx_word' id='word_1_96' title='bbox 1282 813 1346 842; x_wconf 83' lang='lat' dir='ltr'>sitis</span> <span class='ocrx_word' id='word_1_97' title='bbox 1373 812 1495 845; x_wconf 83' lang='lat' dir='ltr'>validus</span> 
     </span>
     <span class='ocr_line' id='line_1_12' title="bbox 168 864 1495 909; baseline -0.002 -11"><span class='ocrx_word' id='word_1_98' title='bbox 168 873 299 898; x_wconf 84' lang='lat' dir='ltr'>exortus</span> <span class='ocrx_word' id='word_1_99' title='bbox 318 873 364 898; x_wconf 84' lang='lat' dir='ltr'>est</span> <span class='ocrx_word' id='word_1_100' title='bbox 382 872 509 898; x_wconf 87' lang='lat' dir='ltr'>tetanus</span> <span class='ocrx_word' id='word_1_101' title='bbox 527 866 645 909; x_wconf 86' lang='lat' dir='ltr'>absque</span> <span class='ocrx_word' id='word_1_102' title='bbox 661 878 713 907; x_wconf 90' lang='lat' dir='ltr'>eo,</span> <span class='ocrx_word' id='word_1_103' title='bbox 733 873 770 898; x_wconf 84' lang='lat' dir='ltr'>ut</span> <span class='ocrx_word' id='word_1_104' title='bbox 784 866 937 898; x_wconf 86' lang='lat' dir='ltr'>sensilitas</span> <span class='ocrx_word' id='word_1_105' title='bbox 958 866 1086 897; x_wconf 82' lang='lat' dir='ltr'>alterata</span> <span class='ocrx_word' id='word_1_106' title='bbox 1106 866 1206 897; x_wconf 85' lang='lat' dir='ltr'>fuerit</span> <span class='ocrx_word' id='word_1_107' title='bbox 1224 866 1258 896; x_wconf 89' lang='lat' dir='ltr'>in</span> <span class='ocrx_word' id='word_1_108' title='bbox 1274 864 1340 896; x_wconf 70' lang='lat' dir='ltr'>ulla</span> <span class='ocrx_word' id='word_1_109' title='bbox 1358 867 1495 908; x_wconf 83' lang='lat' dir='ltr'>corporis</span> 
     </span>
     <span class='ocr_line' id='line_1_13' title="bbox 170 926 270 963; baseline -0.01 -12"><span class='ocrx_word' id='word_1_110' title='bbox 170 926 270 963; x_wconf 82' lang='lat' dir='ltr'>parte.</span> 
     </span>
    </p>

    <p class='ocr_par' dir='ltr' id='par_1_3' title="bbox 170 971 1499 1217">
     <span class='ocr_line' id='line_1_14' title="bbox 213 971 1497 1017; baseline -0.001 -14"><span class='ocrx_word' id='word_1_111' title='bbox 213 974 387 1004; x_wconf 85' lang='lat' dir='ltr'>Innumera</span> <span class='ocrx_word' id='word_1_112' title='bbox 406 974 538 1015; x_wconf 88' lang='lat' dir='ltr'>insuper</span> <span class='ocrx_word' id='word_1_113' title='bbox 560 972 702 1016; x_wconf 85' lang='lat' dir='ltr'>ejusdem</span> <span class='ocrx_word' id='word_1_114' title='bbox 725 976 849 1017; x_wconf 80' lang='lat' dir='ltr'>generis</span> <span class='ocrx_word' id='word_1_115' title='bbox 870 974 1088 1016; x_wconf 83' lang='lat' dir='ltr'>experimenta</span> <span class='ocrx_word' id='word_1_116' title='bbox 1108 974 1141 1004; x_wconf 90' lang='lat' dir='ltr'>in</span> <span class='ocrx_word' id='word_1_117' title='bbox 1162 972 1343 1011; x_wconf 83' lang='lat' dir='ltr'>cuniculis,</span> <span class='ocrx_word' id='word_1_118' title='bbox 1365 971 1497 1003; x_wconf 85' lang='lat' dir='ltr'>Colum—</span> 
     </span>
     <span class='ocr_line' id='line_1_15' title="bbox 170 1025 1499 1068; baseline -0.001 -11"><span class='ocrx_word' id='word_1_119' title='bbox 170 1025 233 1065; x_wconf 85' lang='lat' dir='ltr'>bis,</span> <span class='ocrx_word' id='word_1_120' title='bbox 258 1025 368 1064; x_wconf 85' lang='lat' dir='ltr'>Ranis,</span> <span class='ocrx_word' id='word_1_121' title='bbox 399 1031 478 1064; x_wconf 86' lang='lat' dir='ltr'>etc.,</span> <span class='ocrx_word' id='word_1_122' title='bbox 502 1030 582 1064; x_wconf 56' lang='lat' dir='ltr'>etc„</span> <span class='ocrx_word' id='word_1_123' title='bbox 607 1026 751 1065; x_wconf 87' lang='lat' dir='ltr'>institui,</span> <span class='ocrx_word' id='word_1_124' title='bbox 778 1038 849 1068; x_wconf 83' lang='lat' dir='ltr'>quae</span> <span class='ocrx_word' id='word_1_125' title='bbox 876 1027 958 1056; x_wconf 85' lang='lat' dir='ltr'>forte</span> <span class='ocrx_word' id='word_1_126' title='bbox 984 1026 1037 1056; x_wconf 89' lang='lat' dir='ltr'>hic</span> <span class='ocrx_word' id='word_1_127' title='bbox 1063 1026 1244 1056; x_wconf 81' lang='lat' dir='ltr'>enumerari</span> <span class='ocrx_word' id='word_1_128' title='bbox 1272 1030 1418 1066; x_wconf 83' lang='lat' dir='ltr'>possent,</span> <span class='ocrx_word' id='word_1_129' title='bbox 1444 1025 1499 1056; x_wconf 90' lang='lat' dir='ltr'>sed</span> 
     </span>
     <span class='ocr_line' id='line_1_16' title="bbox 170 1076 1499 1121; baseline -0.002 -11"><span class='ocrx_word' id='word_1_130' title='bbox 170 1090 272 1121; x_wconf 88' lang='lat' dir='ltr'>quum</span> <span class='ocrx_word' id='word_1_131' title='bbox 296 1084 430 1110; x_wconf 83' lang='lat' dir='ltr'>eventus</span> <span class='ocrx_word' id='word_1_132' title='bbox 453 1077 593 1118; x_wconf 74' lang='lat' dir='ltr'>obtenti,</span> <span class='ocrx_word' id='word_1_133' title='bbox 624 1078 663 1109; x_wconf 89' lang='lat' dir='ltr'>ab</span> <span class='ocrx_word' id='word_1_134' title='bbox 687 1078 749 1110; x_wconf 89' lang='lat' dir='ltr'>illis</span> <span class='ocrx_word' id='word_1_135' title='bbox 776 1078 870 1109; x_wconf 90' lang='lat' dir='ltr'>modo</span> <span class='ocrx_word' id='word_1_136' title='bbox 897 1078 1080 1117; x_wconf 83' lang='lat' dir='ltr'>recensitis,</span> <span class='ocrx_word' id='word_1_137' title='bbox 1109 1088 1175 1108; x_wconf 91' lang='lat' dir='ltr'>non</span> <span class='ocrx_word' id='word_1_138' title='bbox 1206 1076 1375 1116; x_wconf 83' lang='lat' dir='ltr'>differant,</span> <span class='ocrx_word' id='word_1_139' title='bbox 1403 1078 1499 1108; x_wconf 85' lang='lat' dir='ltr'>satius</span> 
     </span>
     <span class='ocr_line' id='line_1_17' title="bbox 171 1129 1499 1175; baseline -0.002 -11"><span class='ocrx_word' id='word_1_140' title='bbox 171 1133 250 1164; x_wconf 83' lang='lat' dir='ltr'>duxi</span> <span class='ocrx_word' id='word_1_141' title='bbox 270 1132 323 1163; x_wconf 88' lang='lat' dir='ltr'>illa</span> <span class='ocrx_word' id='word_1_142' title='bbox 351 1131 475 1163; x_wconf 86' lang='lat' dir='ltr'>silentio</span> <span class='ocrx_word' id='word_1_143' title='bbox 502 1133 765 1175; x_wconf 83' lang='lat' dir='ltr'>praetermittere,</span> <span class='ocrx_word' id='word_1_144' title='bbox 793 1143 835 1163; x_wconf 89' lang='lat' dir='ltr'>ne</span> <span class='ocrx_word' id='word_1_145' title='bbox 862 1132 986 1175; x_wconf 86' lang='lat' dir='ltr'>longior</span> <span class='ocrx_word' id='word_1_146' title='bbox 1011 1131 1131 1171; x_wconf 84' lang='lat' dir='ltr'>forem,</span> <span class='ocrx_word' id='word_1_147' title='bbox 1155 1136 1211 1162; x_wconf 79' lang='lat' dir='ltr'>aut</span> <span class='ocrx_word' id='word_1_148' title='bbox 1239 1130 1364 1161; x_wconf 83' lang='lat' dir='ltr'>fastidio</span> <span class='ocrx_word' id='word_1_149' title='bbox 1388 1129 1499 1162; x_wconf 83' lang='lat' dir='ltr'>lectori</span> 
     </span>
     <span class='ocr_line' id='line_1_18' title="bbox 172 1197 282 1217; baseline -0.009 0"><span class='ocrx_word' id='word_1_150' title='bbox 172 1197 282 1217; x_wconf 84' lang='lat' dir='ltr'>essem.</span> 
     </span>
    </p>

    <p class='ocr_par' dir='ltr' id='par_1_4' title="bbox 172 1236 1502 1550">
     <span class='ocr_line' id='line_1_19' title="bbox 216 1236 1501 1283; baseline -0.002 -14"><span class='ocrx_word' id='word_1_151' title='bbox 216 1240 263 1270; x_wconf 82' lang='lat' dir='ltr'>Ex</span> <span class='ocrx_word' id='word_1_152' title='bbox 281 1238 428 1270; x_wconf 83' lang='lat' dir='ltr'>omnibus</span> <span class='ocrx_word' id='word_1_153' title='bbox 446 1238 509 1283; x_wconf 84' lang='lat' dir='ltr'>jam</span> <span class='ocrx_word' id='word_1_154' title='bbox 528 1239 567 1270; x_wconf 91' lang='lat' dir='ltr'>de</span> <span class='ocrx_word' id='word_1_155' title='bbox 581 1239 722 1272; x_wconf 59' lang='lat' dir='ltr'>medulla</span> <span class='ocrx_word' id='word_1_156' title='bbox 737 1239 851 1283; x_wconf 85' lang='lat' dir='ltr'>spinali</span> <span class='ocrx_word' id='word_1_157' title='bbox 870 1239 1034 1282; x_wconf 79' lang='lat' dir='ltr'>expositis,</span> <span class='ocrx_word' id='word_1_158' title='bbox 1055 1236 1181 1268; x_wconf 84' lang='lat' dir='ltr'>abunde</span> <span class='ocrx_word' id='word_1_159' title='bbox 1198 1242 1300 1279; x_wconf 82' lang='lat' dir='ltr'>patet,</span> <span class='ocrx_word' id='word_1_160' title='bbox 1317 1236 1403 1279; x_wconf 88' lang='lat' dir='ltr'>quod</span> <span class='ocrx_word' id='word_1_161' title='bbox 1419 1236 1501 1268; x_wconf 88' lang='lat' dir='ltr'>illud</span> 
     </span>
     <span class='ocr_line' id='line_1_20' title="bbox 173 1290 1500 1335; baseline -0.002 -12"><span class='ocrx_word' id='word_1_162' title='bbox 173 1304 327 1335; x_wconf 85' lang='lat' dir='ltr'>organum</span> <span class='ocrx_word' id='word_1_163' title='bbox 353 1292 494 1324; x_wconf 75' lang='lat' dir='ltr'>absolute</span> <span class='ocrx_word' id='word_1_164' title='bbox 519 1299 556 1324; x_wconf 84' lang='lat' dir='ltr'>ut</span> <span class='ocrx_word' id='word_1_165' title='bbox 575 1294 667 1326; x_wconf 83' lang='lat' dir='ltr'>nervi</span> <span class='ocrx_word' id='word_1_166' title='bbox 689 1293 881 1326; x_wconf 78' lang='lat' dir='ltr'>vertebrales</span> <span class='ocrx_word' id='word_1_167' title='bbox 902 1298 988 1335; x_wconf 71' lang='lat' dir='ltr'>agat,</span> <span class='ocrx_word' id='word_1_168' title='bbox 1015 1297 1047 1323; x_wconf 86' lang='lat' dir='ltr'>et</span> <span class='ocrx_word' id='word_1_169' title='bbox 1072 1291 1289 1334; x_wconf 83' lang='lat' dir='ltr'>experimenta</span> <span class='ocrx_word' id='word_1_170' title='bbox 1311 1301 1382 1332; x_wconf 91' lang='lat' dir='ltr'>quae</span> <span class='ocrx_word' id='word_1_171' title='bbox 1407 1290 1500 1321; x_wconf 90' lang='lat' dir='ltr'>modo</span> 
     </span>
     <span class='ocr_line' id='line_1_21' title="bbox 172 1344 1501 1390; baseline -0.003 -13"><span class='ocrx_word' id='word_1_172' title='bbox 172 1347 267 1378; x_wconf 84' lang='lat' dir='ltr'>citavi</span> <span class='ocrx_word' id='word_1_173' title='bbox 289 1346 415 1378; x_wconf 89' lang='lat' dir='ltr'>abunde</span> <span class='ocrx_word' id='word_1_174' title='bbox 441 1346 592 1389; x_wconf 81' lang='lat' dir='ltr'>probant,</span> <span class='ocrx_word' id='word_1_175' title='bbox 622 1348 708 1390; x_wconf 90' lang='lat' dir='ltr'>quod</span> <span class='ocrx_word' id='word_1_176' title='bbox 729 1353 818 1379; x_wconf 85' lang='lat' dir='ltr'>actus</span> <span class='ocrx_word' id='word_1_177' title='bbox 839 1346 1014 1378; x_wconf 85' lang='lat' dir='ltr'>motilitatis</span> <span class='ocrx_word' id='word_1_178' title='bbox 1036 1350 1068 1376; x_wconf 86' lang='lat' dir='ltr'>et</span> <span class='ocrx_word' id='word_1_179' title='bbox 1092 1344 1271 1375; x_wconf 77' lang='lat' dir='ltr'>sensilitatis</span> <span class='ocrx_word' id='word_1_180' title='bbox 1298 1353 1408 1375; x_wconf 83' lang='lat' dir='ltr'>revera</span> <span class='ocrx_word' id='word_1_181' title='bbox 1436 1355 1501 1374; x_wconf 88' lang='lat' dir='ltr'>non</span> 
     </span>
     <span class='ocr_line' id='line_1_22' title="bbox 173 1396 1501 1443; baseline -0.002 -13"><span class='ocrx_word' id='word_1_182' title='bbox 173 1401 208 1430; x_wconf 88' lang='lat' dir='ltr'>in</span> <span class='ocrx_word' id='word_1_183' title='bbox 228 1400 287 1430; x_wconf 92' lang='lat' dir='ltr'>hac</span> <span class='ocrx_word' id='word_1_184' title='bbox 306 1410 423 1431; x_wconf 86' lang='lat' dir='ltr'>nervea</span> <span class='ocrx_word' id='word_1_185' title='bbox 443 1411 542 1431; x_wconf 88' lang='lat' dir='ltr'>massa</span> <span class='ocrx_word' id='word_1_186' title='bbox 557 1401 779 1443; x_wconf 81' lang='lat' dir='ltr'>perficiantur,</span> <span class='ocrx_word' id='word_1_187' title='bbox 799 1402 848 1433; x_wconf 83' lang='lat' dir='ltr'>uti</span> <span class='ocrx_word' id='word_1_188' title='bbox 868 1411 977 1432; x_wconf 87' lang='lat' dir='ltr'>omnes</span> <span class='ocrx_word' id='word_1_189' title='bbox 993 1404 1153 1438; x_wconf 87' lang='lat' dir='ltr'>auctores,</span> <span class='ocrx_word' id='word_1_190' title='bbox 1177 1398 1234 1440; x_wconf 89' lang='lat' dir='ltr'>qui</span> <span class='ocrx_word' id='word_1_191' title='bbox 1256 1397 1295 1428; x_wconf 87' lang='lat' dir='ltr'>de</span> <span class='ocrx_word' id='word_1_192' title='bbox 1315 1396 1384 1441; x_wconf 92' lang='lat' dir='ltr'>ejus</span> <span class='ocrx_word' id='word_1_193' title='bbox 1403 1397 1501 1428; x_wconf 89' lang='lat' dir='ltr'>func-</span> 
     </span>
     <span class='ocr_line' id='line_1_23' title="bbox 172 1449 1502 1497; baseline -0.003 -13"><span class='ocrx_word' id='word_1_194' title='bbox 172 1453 312 1485; x_wconf 78' lang='lat' dir='ltr'>tionibus</span> <span class='ocrx_word' id='word_1_195' title='bbox 331 1460 485 1496; x_wconf 82' lang='lat' dir='ltr'>egerunt,</span> <span class='ocrx_word' id='word_1_196' title='bbox 507 1454 590 1486; x_wconf 90' lang='lat' dir='ltr'>illud</span> <span class='ocrx_word' id='word_1_197' title='bbox 609 1454 830 1495; x_wconf 81' lang='lat' dir='ltr'>crediderunt,</span> <span class='ocrx_word' id='word_1_198' title='bbox 855 1454 910 1486; x_wconf 88' lang='lat' dir='ltr'>sed</span> <span class='ocrx_word' id='word_1_199' title='bbox 930 1453 1016 1497; x_wconf 89' lang='lat' dir='ltr'>quod</span> <span class='ocrx_word' id='word_1_200' title='bbox 1036 1463 1054 1483; x_wconf 92' lang='lat' dir='ltr'>e</span> <span class='ocrx_word' id='word_1_201' title='bbox 1074 1457 1181 1482; x_wconf 84' lang='lat' dir='ltr'>contra</span> <span class='ocrx_word' id='word_1_202' title='bbox 1201 1449 1339 1481; x_wconf 89' lang='lat' dir='ltr'>medulla</span> <span class='ocrx_word' id='word_1_203' title='bbox 1357 1456 1502 1481; x_wconf 82' lang='lat' dir='ltr'>tantum—</span> 
     </span>
     <span class='ocr_line' id='line_1_24' title="bbox 173 1504 1501 1550; baseline -0.002 -13"><span class='ocrx_word' id='word_1_204' title='bbox 173 1507 267 1538; x_wconf 86' lang='lat' dir='ltr'>modo</span> <span class='ocrx_word' id='word_1_205' title='bbox 285 1507 324 1537; x_wconf 83' lang='lat' dir='ltr'>sit</span> <span class='ocrx_word' id='word_1_206' title='bbox 344 1518 500 1550; x_wconf 85' lang='lat' dir='ltr'>organum</span> <span class='ocrx_word' id='word_1_207' title='bbox 516 1509 774 1548; x_wconf 86' lang='lat' dir='ltr'>transmissionis,</span> <span class='ocrx_word' id='word_1_208' title='bbox 795 1514 828 1539; x_wconf 85' lang='lat' dir='ltr'>et</span> <span class='ocrx_word' id='word_1_209' title='bbox 844 1507 985 1539; x_wconf 86' lang='lat' dir='ltr'>absolute</span> <span class='ocrx_word' id='word_1_210' title='bbox 1000 1506 1049 1538; x_wconf 86' lang='lat' dir='ltr'>uti</span> <span class='ocrx_word' id='word_1_211' title='bbox 1067 1505 1157 1536; x_wconf 88' lang='lat' dir='ltr'>nervi</span> <span class='ocrx_word' id='word_1_212' title='bbox 1172 1510 1253 1546; x_wconf 86' lang='lat' dir='ltr'>agat.</span> <span class='ocrx_word' id='word_1_213' title='bbox 1275 1504 1501 1546; x_wconf 84' lang='lat' dir='ltr'>Experimenta</span> 
     </span>
    </p>
   </div>
   <div class='ocr_carea' id='block_1_2' title="bbox 174 1556 1503 1647">
    <p class='ocr_par' dir='ltr' id='par_1_5' title="bbox 174 1556 1503 1647">
     <span class='ocr_line' id='line_1_25' title="bbox 176 1556 1503 1601; baseline -0.003 -10"><span class='ocrx_word' id='word_1_214' title='bbox 176 1561 215 1592; x_wconf 89' lang='lat' dir='ltr'>de</span> <span class='ocrx_word' id='word_1_215' title='bbox 233 1562 339 1592; x_wconf 84' lang='lat' dir='ltr'>nervis</span> <span class='ocrx_word' id='word_1_216' title='bbox 363 1561 507 1592; x_wconf 84' lang='lat' dir='ltr'>instituta</span> <span class='ocrx_word' id='word_1_217' title='bbox 533 1567 566 1593; x_wconf 80' lang='lat' dir='ltr'>et</span> <span class='ocrx_word' id='word_1_218' title='bbox 590 1561 664 1593; x_wconf 87' lang='lat' dir='ltr'>dein</span> <span class='ocrx_word' id='word_1_219' title='bbox 689 1561 910 1601; x_wconf 85' lang='lat' dir='ltr'>memoranda,</span> <span class='ocrx_word' id='word_1_220' title='bbox 935 1560 1019 1591; x_wconf 88' lang='lat' dir='ltr'>hauc</span> <span class='ocrx_word' id='word_1_221' title='bbox 1042 1558 1224 1601; x_wconf 87' lang='lat' dir='ltr'>opinionem</span> <span class='ocrx_word' id='word_1_222' title='bbox 1250 1556 1355 1588; x_wconf 87' lang='lat' dir='ltr'>adhuc</span> <span class='ocrx_word' id='word_1_223' title='bbox 1382 1557 1503 1588; x_wconf 87' lang='lat' dir='ltr'>mirum</span> 
     </span>
     <span class='ocr_line' id='line_1_26' title="bbox 174 1613 644 1647; baseline 0.002 -3"><span class='ocrx_word' id='word_1_224' title='bbox 174 1615 208 1644; x_wconf 88' lang='lat' dir='ltr'>in</span> <span class='ocrx_word' id='word_1_225' title='bbox 234 1613 364 1645; x_wconf 88' lang='lat' dir='ltr'>modum</span> <span class='ocrx_word' id='word_1_226' title='bbox 390 1614 644 1647; x_wconf 72' lang='lat' dir='ltr'>comfivmabunt.</span> 
     </span>
    </p>
   </div>
  </div>
 </body>
</html>
