1809 2469
933 246 1044 288 (20)

326 319 578 361 irregularitatiS,
601 320 730 351 omnino
750 319 872 350 alienus
893 325 940 350 est
960 331 976 350 a
998 319 1103 351 volatu
1126 326 1275 352 consueto
1296 321 1422 353 illorum
1447 323 1645 354 animalium.

327 372 408 404 Clar.
431 374 621 404 Laurentius
644 385 681 404 ex
705 373 853 404 Versaliis
874 374 932 416 ipsi
957 373 1002 404 Cl.
1026 374 1192 416 Magendie
1217 375 1354 405 ostendit
1372 375 1529 417 puellam,
1559 386 1649 418 quae,

325 427 358 456 in
378 426 551 457 accessibus
574 426 675 457 morbi
696 426 859 469 cujusdam
883 427 1010 464 nervei,
1033 426 1204 468 cogebatur
1224 428 1297 457 satis
1317 427 1426 469 rapide
1451 433 1572 459 motum
1594 439 1648 458 re—

326 480 507 522 trogradum
527 481 693 511 instituere
714 480 830 522 absque
846 491 899 519 eo,
921 485 958 510 ut
974 486 1077 522 posset
1096 491 1225 522 corpora
1245 480 1295 511 vel
1312 480 1422 520 fossas,
1444 491 1553 512 versus
1571 492 1648 524 quas

324 544 389 564 sese
413 533 584 576 dirigebat,
606 546 642 564 ac
660 534 792 576 proinde
813 533 937 564 collisus
954 539 986 563 et
1005 544 1093 564 casus
1109 534 1219 565 vitare.
1239 534 1314 565 Haec
1331 535 1378 566 vis
1396 535 1429 565 in
1452 535 1647 577 oppositione

325 585 442 617 directa
465 592 607 617 versatur
625 598 698 617 cum
715 586 768 616 illa
788 586 827 617 de
845 586 908 628 qua
923 586 1022 617 locuti
1042 586 1163 616 fuimus
1181 586 1258 617 dum
1276 587 1315 618 de
1335 587 1519 630 corporibus
1535 588 1650 618 striatis

324 640 458 680 egimus.
492 639 537 669 Cl.
563 639 730 681 Magendie
756 640 788 669 in
812 639 1006 670 cerebellum
1028 639 1208 670 verticalem
1234 641 1406 671 sectionem
1427 641 1583 679 instituit,
1607 641 1650 671 ita

322 697 359 722 ut
378 692 588 723 sinistrorsum
609 698 671 723 tres
689 698 809 734 quartae
828 698 947 734 partes,
970 692 1168 723 dextrorsum
1190 705 1252 724 una
1273 700 1384 736 quarta
1407 705 1478 736 pars
1498 693 1648 725 cerebelli

323 746 504 775 existerent.
522 745 648 776 Animal
666 746 770 776 statim
789 751 880 776 motu
895 745 1077 787 retrogrado
1093 744 1292 777 dextrorsum
1313 746 1432 777 directo
1449 758 1516 778 sese
1533 747 1646 785 movit,

324 804 356 828 et
376 799 459 829 oculi
483 799 631 830 eumdem
651 799 746 830 situm
767 805 1020 841 assumpserunt,
1044 799 1132 841 quasi
1149 798 1369 841 pedunculum
1391 799 1541 831 dextrum
1562 810 1649 830 rese-

324 858 431 882 casset.
463 852 511 882 Ad
533 852 676 883 eamdem
698 852 919 889 altitudinem,
947 851 986 883 ad
1009 851 1091 882 latus
1119 852 1299 891 sinistrum,
1325 852 1457 884 alteram
1478 853 1648 884 sectionem

323 906 481 944 instituit,
508 912 539 936 et
561 906 673 936 eodem
703 912 844 948 tempore
868 905 980 935 rotatio
1005 905 1156 944 cessavit,
1191 911 1224 936 et
1252 906 1337 936 oculi
1359 917 1448 937 suam
1471 906 1650 938 naturalem

322 959 508 1000 positionem
536 959 792 1001 adsumpserunt.
821 959 991 1001 Postquam
1008 959 1041 989 in
1060 958 1159 990 latere
1185 959 1295 990 dextro
1316 965 1484 991 resecasset
1507 959 1650 991 cerebel-

321 1011 389 1042 lum
400 1037 407 1049 ,
424 1012 461 1042 ad
480 1012 584 1042 locum
602 1012 657 1042 ubi
678 1018 788 1053 quarta
803 1023 874 1053 pars
891 1012 1025 1054 hujusce
1042 1011 1148 1041 lateris
1165 1022 1239 1042 cum
1255 1011 1355 1042 tribus
1370 1013 1493 1053 quartis
1506 1012 1649 1054 partibus

322 1066 427 1096 lateris
446 1066 562 1096 sinistri
581 1064 742 1109 jungitur,
764 1071 888 1096 motum
911 1064 1073 1095 rotationis
1094 1064 1292 1095 dextrorsum
1313 1064 1480 1106 produxit,
1502 1065 1599 1096 simul
1614 1077 1650 1096 ac

323 1119 550 1161 oppositionem
572 1118 749 1149 oculorum.
779 1117 927 1148 Abscissit
949 1117 1172 1160 pedunculum
1191 1118 1372 1155 sinistrum,
1392 1123 1425 1148 et
1448 1118 1564 1149 animal
1585 1130 1649 1149 non

322 1173 424 1204 solum
444 1171 650 1214 tranquillum
673 1182 736 1202 non
755 1172 920 1210 remansit,
944 1182 1056 1202 verum
1077 1171 1128 1202 uti
1143 1171 1177 1201 in
1197 1171 1422 1212 experimento
1435 1171 1648 1214 praecedenti,

322 1226 533 1256 sinistrorsum
554 1236 618 1255 sese
636 1224 793 1267 pervolvit
810 1230 841 1255 et
859 1224 928 1268 ejus
944 1224 1027 1255 oculi
1047 1224 1197 1255 eumdem
1214 1224 1310 1255 situm
1330 1223 1592 1267 adsumpserunt,
1614 1237 1650 1257 ac

322 1280 356 1309 in
377 1278 533 1309 ablatione
552 1278 727 1321 pedunculi
746 1278 873 1309 sinistri.
896 1278 1036 1320 Apparet
1053 1288 1092 1308 ex
1111 1277 1172 1308 hoc
1192 1277 1307 1309 ultimo
1323 1278 1542 1320 experimento
1563 1278 1649 1321 quod

322 1332 417 1362 sectio
444 1331 701 1374 pedunculorum
728 1331 879 1375 majorem
906 1331 1106 1362 influentiam
1129 1336 1276 1362 exerceat
1300 1332 1334 1362 in
1360 1337 1465 1363 motus
1488 1332 1651 1363 rotationis

323 1386 459 1417 lateralis
481 1387 634 1429 corporis,
657 1392 689 1417 et
709 1386 743 1416 in
763 1386 932 1428 positiones
954 1386 1109 1427 oppositas
1135 1383 1305 1415 bulborum
1331 1385 1524 1425 ocularium,
1552 1397 1649 1428 quam

323 1439 464 1470 laesiones
484 1440 581 1481 ipsius
597 1439 761 1479 cerebelli,
780 1450 817 1469 ex
836 1439 898 1481 qua
917 1438 1134 1470 observatione
1152 1437 1303 1469 ducimur
1319 1438 1357 1469 ad
1375 1439 1650 1479 concludendum,

324 1492 408 1535 quod
429 1493 473 1523 vis
498 1492 690 1535 compellens
710 1504 773 1523 non
792 1492 869 1524 huic
888 1503 1005 1535 organo
1027 1491 1156 1535 propria
1175 1491 1230 1531 sit,
1251 1491 1305 1522 sed
1324 1491 1411 1534 quod
1426 1491 1555 1524 aliunde
1575 1503 1651 1535 pro—

324 1547 441 1578 veniat.

367 1600 453 1630 Dum
474 1599 666 1630 cerebellum
690 1606 799 1631 exacte
819 1600 852 1630 in
879 1599 962 1630 linea
985 1599 1128 1630 mediana
1149 1605 1322 1639 resecatur,
1349 1605 1427 1630 tnnc
1447 1599 1648 1630 animadver-

323 1658 438 1683 tuntur
463 1653 672 1694 phaenomena
694 1664 818 1684 summe
843 1653 1025 1696 singularia.
1057 1653 1152 1684 Oculi
1176 1653 1320 1684 animalis
1341 1653 1375 1683 in
1399 1652 1522 1683 summa
1546 1653 1649 1694 agita-

325 1706 411 1735 tione
435 1711 617 1745 versantur,
635 1706 678 1736 ita
705 1712 742 1737 ut
763 1706 932 1737 videantur
949 1707 1046 1738 saltus
1068 1718 1216 1738 exercere
1237 1707 1270 1737 in
1290 1706 1354 1737 suis
1377 1705 1494 1737 orbitis.
1522 1705 1648 1736 Animal

324 1758 452 1789 videtur
471 1759 553 1789 inter
573 1759 661 1790 binas
680 1761 851 1801 potentias,
875 1771 948 1802 quae
965 1771 1029 1791 sese
1049 1760 1226 1803 repellunt,
1243 1760 1396 1802 positum3
1417 1758 1510 1789 modo
1530 1759 1564 1789 in
1583 1769 1649 1789 uno

325 1812 424 1843 latere
445 1812 619 1843 inflectitur
637 1824 672 1843 ac
692 1814 714 1844 si
738 1813 849 1844 cadere
871 1815 1062 1854 minaretur3
1089 1814 1142 1845 sed
1165 1813 1253 1845 brevi
1268 1818 1336 1855 post
1354 1812 1509 1854 praecipiti
1525 1813 1650 1854 impetu

324 1876 433 1896 versus
452 1865 534 1896 latus
552 1867 731 1908 oppositum
747 1866 923 1908 repellitur.
947 1867 985 1898 In
1000 1867 1060 1898 hoc
1078 1868 1229 1898 continuo
1244 1866 1432 1897 libramento
1448 1871 1478 1896 et
1493 1864 1649 1907 peculiari

324 1924 408 1950 statu
437 1930 493 1961 per
519 1919 610 1950 horas
634 1920 826 1951 remanebat.
856 1920 1014 1952 Caeterum
1039 1927 1126 1952 artus
1148 1920 1216 1963 ejus
1242 1920 1415 1950 anteriores
1439 1918 1534 1962 rigidi
1557 1924 1649 1949 erant

325 1978 357 2002 et
377 1977 554 2004 antrorsum
574 1973 808 2016 dirigebantur3
830 1974 942 2014 verbo,
963 1975 1081 2006 animal
1099 1975 1196 2005 situm
1217 1972 1374 2004 retinebat
1388 1973 1477 2015 quasi
1497 1971 1647 2005 voluisset

325 2036 466 2067 gressum
486 2026 705 2069 retrogradum
724 2027 900 2058 instituere.
924 2027 1091 2070 Magendie
1114 2027 1213 2058 refert
1234 2025 1320 2069 quod
1338 2025 1386 2057 Cl.
1406 2025 1513 2056 Serres
1536 2026 1572 2056 in
1590 2036 1649 2056 suo
