1809 2469
920 238 1033 280 (50)

318 315 487 346 destructa.
512 313 595 345 Illud
611 313 842 356 phaenomenon
864 322 991 354 prorsus
1012 310 1173 353 singulare
1195 322 1356 354 nonquam
1378 312 1641 345 animadvertitur

319 370 352 399 in
379 367 587 406 animalibus,
626 378 696 409 quae
721 366 810 397 brevi
836 371 905 408 post
932 370 1066 395 mortem
1094 364 1202 396 iisdem
1232 366 1367 397 stimulis
1396 366 1639 398 submittuntur.

319 422 405 452 Dum
422 421 506 452 enim
523 421 685 459 stimulus,
706 420 801 451 etiam
817 419 982 457 minimus,
1000 417 1179 461 applicatur
1194 418 1337 460 partibus
1353 431 1447 462 supra
1465 420 1642 458 recensitis,

319 474 502 505 immediate
524 480 688 516 postquam
712 474 930 516 experimento
947 471 1132 502 mechanico
1149 473 1266 504 animal
1282 472 1438 515 quoddam
1456 472 1643 511 succubuit,

320 528 372 558 hic
395 528 428 558 in
452 533 552 558 totum
577 526 645 569 ejus
669 538 783 568 corpus
810 526 1010 557 influentiam
1033 526 1189 567 insignem
1218 528 1329 558 exerit.
1358 527 1505 558 Vidimus
1535 533 1643 558 autem

321 580 406 622 quod
427 580 596 611 resecando
620 580 812 610 cerebellum
835 590 975 610 accessus
997 578 1173 610 convulsivi
1195 579 1424 622 disparuerint,
1449 581 1547 623 igitur
1570 592 1646 622 par-

322 633 404 663 tialis
427 633 541 663 ablatio
560 632 708 663 cerebelli
725 634 857 664 inservit
873 633 922 664 vel
942 632 1052 663 saltem
1071 632 1223 663 inservire
1240 633 1366 665 videtur
1382 633 1419 664 ad
1439 633 1646 664 minuendam

321 686 478 716 actionem
499 685 715 728 Strychninae,
737 696 823 727 quae,
846 687 893 716 uti
909 686 1071 723 novimus,
1087 686 1247 728 praecipue
1267 687 1422 718 actionem
1438 699 1525 718 suam
1546 687 1647 718 exerit

321 740 354 769 in
375 738 582 769 substantiam
603 749 770 776 nerveam,
793 750 863 780 quae
884 750 1012 777 nervos,
1034 738 1172 769 motibus
1193 740 1414 779 inservientes,
1436 741 1609 771 constituit.

366 792 398 822 Si
418 792 464 823 uti
485 792 589 822 statim
611 791 673 835 jam
694 791 831 823 vidimus
851 793 883 822 in
906 787 1022 834 juniori
1045 791 1120 822 Fele
1142 792 1313 823 medullam
1332 792 1547 831 denudemus,
1574 799 1607 824 et
1624 794 1649 823 si

322 846 351 876 ei
380 851 517 887 quatuor
544 845 594 876 vel
622 847 766 888 quinque
792 845 991 888 Strychninae
1019 845 1160 887 guttulas
1192 847 1415 888 propinemus,
1449 852 1518 888 post
1543 846 1649 888 aliqua

322 900 445 931 minuta
469 900 584 942 prima,
607 901 707 931 oritur
727 906 848 931 tetanos
870 899 1073 939 universalis,
1095 899 1151 941 qui
1171 899 1345 930 accessibus
1369 901 1466 941 magis
1487 901 1650 941 magisque

324 953 515 995 augentibus
535 959 750 996 exasperatur.
777 954 808 984 Si
828 953 984 985 stantibus
1004 954 1065 985 illis
1086 953 1271 984 accessubus
1290 953 1428 984 medulla
1450 954 1650 984 transversim

324 1013 499 1046 resecatur,
520 1008 624 1038 statim
645 1018 753 1038 omnes
776 1014 896 1049 partes,
921 1008 1004 1038 infra
1028 1008 1200 1038 incisuram
1217 1007 1332 1036 factam
1355 1007 1438 1045 sitae,
1460 1006 1568 1045 silent,
1590 1017 1652 1037 nec

324 1060 461 1101 amplius
486 1060 524 1090 de
551 1059 735 1090 convulsivo
761 1065 849 1090 motu
874 1060 1086 1102 participant,
1117 1059 1194 1089 dum
1218 1058 1350 1100 reliquae
1378 1059 1515 1100 corporis
1547 1065 1652 1101 partes

325 1113 431 1145 vivide
451 1114 603 1143 continuo
625 1113 870 1143 contrahuntur.
895 1113 981 1143 Dum
999 1112 1052 1142 illa
1068 1112 1288 1153 experimenta
1303 1111 1516 1142 instituuntur
1535 1123 1654 1143 curan-

325 1166 401 1197 dum
421 1172 483 1204 est,
502 1171 539 1196 ut
559 1165 696 1196 medulla
712 1166 745 1195 in
762 1166 826 1196 tota
844 1165 899 1196 sua
918 1165 1056 1195 crassitie
1072 1169 1249 1202 resecetur,
1271 1169 1303 1193 et
1318 1174 1359 1194 ne
1376 1164 1506 1194 minima
1523 1164 1655 1206 quidem

326 1220 572 1251 communicatio
589 1231 663 1250 cum
685 1219 839 1250 funiculis
858 1217 1068 1249 anterioribus
1088 1217 1304 1259 relinquatur;
1324 1217 1349 1247 si
1370 1218 1456 1248 enim
1477 1228 1566 1248 secus
1585 1217 1654 1249 effi-

325 1278 468 1311 ceretur,
489 1273 538 1303 uti
556 1272 634 1303 mihi
656 1283 718 1302 non
735 1283 805 1303 raro
824 1272 947 1310 evenit,
968 1277 1047 1302 tunc
1067 1271 1324 1312 experimentum
1342 1270 1510 1301 induceret
1525 1270 1566 1301 ad
1582 1281 1655 1302 cre-

328 1325 485 1363 dendum,
507 1325 591 1367 quod
612 1325 751 1356 medulla
773 1325 929 1355 actionem
949 1335 1039 1355 suam
1061 1324 1228 1354 continuet
1245 1324 1302 1354 etsi
1326 1335 1343 1353 a
1368 1324 1497 1355 cerebro
1513 1330 1655 1366 separata

327 1385 423 1421 atque
439 1378 675 1420 independens3
690 1384 785 1420 atque
797 1389 835 1408 ex
852 1389 889 1409 eo
905 1378 1162 1409 concludendum
1175 1377 1352 1417 videretur,
1365 1377 1451 1420 quod
1465 1378 1655 1421 Strychnina

327 1434 360 1463 in
384 1432 558 1463 medullam
580 1438 667 1474 agat:
694 1431 771 1462 dum
793 1442 902 1463 revera
924 1432 1119 1462 contrarium
1141 1442 1180 1462 ex
1206 1432 1431 1473 experimentis
1452 1437 1537 1462 recte
1562 1432 1656 1462 insti-

328 1486 404 1517 tutis
421 1485 583 1528 probatur.
603 1486 705 1527 Igitur
722 1496 782 1528 ope
800 1485 948 1516 tincturae
965 1485 1164 1528 Strychninae
1183 1486 1302 1527 optime
1320 1486 1461 1516 noscitur
1477 1486 1502 1516 si
1517 1485 1656 1516 funiculi

328 1539 499 1570 anteriores
523 1545 555 1570 et
575 1540 761 1581 posteriores
782 1539 880 1581 ipsius
899 1539 1051 1570 medullae
1072 1539 1131 1570 rite
1159 1539 1289 1570 resecati
1313 1539 1453 1577 fuerint,
1479 1545 1511 1569 et
1529 1539 1657 1581 experi-

328 1599 435 1623 menta
457 1604 531 1623 cum
552 1593 650 1623 hacce
674 1592 848 1623 substantia
868 1593 1011 1624 instituta
1032 1604 1164 1624 summae
1183 1598 1258 1624 sunt
1273 1592 1507 1624 exactitudinis.
1535 1593 1582 1624 Ex
1602 1593 1657 1624 illo

328 1647 447 1676 iterum
468 1646 687 1688 experimento
708 1645 835 1676 abunde
854 1652 956 1688 patet,
978 1646 1063 1689 quod
1080 1646 1219 1677 funiculi
1241 1645 1414 1677 medullam
1431 1646 1659 1676 constituentes

330 1698 472 1729 absolute
489 1703 584 1741 agant
602 1698 642 1729 ad
657 1699 756 1729 instar
771 1710 960 1738 nervorum,
981 1699 1013 1730 id
1028 1705 1088 1739 est,
1106 1698 1192 1742 quod
1208 1700 1423 1729 transmittant
1437 1698 1659 1740 impressiones

331 1763 349 1781 a
368 1751 548 1793 peripheria
567 1751 607 1781 ad
625 1757 769 1782 centrum
789 1758 821 1782 et
836 1764 852 1782 a
874 1759 983 1784 centro
1001 1752 1039 1783 ad
1059 1753 1283 1795 peripheriam.
1306 1753 1438 1794 Insuper
1454 1752 1659 1794 experimen-

331 1810 400 1835 tum
423 1803 504 1834 illud
530 1804 602 1835 luce
626 1804 800 1835 meridiana
824 1805 939 1836 clarius
963 1805 1172 1843 demonstrat,
1198 1804 1283 1847 quod
1304 1803 1443 1836 medulla
1466 1815 1505 1834 ex
1530 1815 1563 1834 se
1591 1805 1658 1846 ipso

332 1869 394 1889 non
417 1858 547 1897 sentiat,
568 1868 673 1900 neque
690 1868 756 1888 sese
776 1858 958 1897 contraliat3
982 1858 1078 1890 verbo
1098 1857 1183 1900 quod
1201 1859 1234 1889 in
1255 1869 1289 1888 ea
1307 1863 1410 1888 motus
1427 1868 1491 1887 non
1507 1856 1659 1895 resideat,

333 1912 380 1942 uti
403 1911 478 1942 olim
503 1910 710 1950 credebatur,
736 1911 791 1942 sed
815 1911 900 1954 quod
925 1912 973 1943 uti
1000 1911 1052 1943 alii
1082 1912 1171 1944 nervi
1197 1910 1416 1942 tantummodo
1439 1911 1478 1941 sit
1502 1922 1659 1953 organum

335 1964 427 2007 cujus
448 1975 508 2006 ope
528 1965 777 1995 transmissiones
800 1966 1021 2007 perficiuntur.

377 2018 414 2048 In
434 2017 495 2049 alio
517 2017 635 2061 juniori
654 2017 730 2049 Fele
751 2018 912 2052 denudavi
931 2019 1103 2051 medullam
1120 2018 1290 2061 spinalem,
1313 2018 1385 2049 dein
1407 2018 1568 2049 funiculos
1590 2017 1658 2061 ejus
