1809 2469
774 237 866 280 (5)

155 316 199 347 sic
215 315 335 346 (lictum
353 314 480 357 Ophrys
498 312 583 356 quod
598 310 730 343 unicum
748 309 788 341 ob
803 320 994 351 organorum
1011 307 1186 351 analogiam
1205 319 1279 338 cum
1295 303 1490 337 Orchidibus

155 369 331 411 comparari
347 374 459 411 potest.
481 367 657 398 Discrimen
674 363 760 406 quod
774 364 858 393 inter
876 373 910 394 ea
928 362 1113 400 intercedit,
1136 367 1243 404 postea
1266 359 1488 390 indicabimus.

200 422 332 453 Familia
358 421 591 452 Orchidearum
617 428 773 461 perquam
797 415 951 447 naturalis
975 421 1042 455 est3
1072 415 1219 457 illudque
1241 425 1280 445 ex
1303 425 1340 444 eo
1368 413 1493 455 colligi-

158 482 229 516 tur,
251 476 337 520 quod
360 486 469 507 omnes
490 479 634 505 auctores
654 471 800 502 unanimi
825 481 996 508 consensu⁷
1019 469 1142 512 plantas
1159 479 1197 499 ex
1215 467 1331 510 (suibus
1348 478 1384 497 ea
1404 478 1493 497 com-

158 531 258 573 posita
282 535 344 568 est,
366 539 430 559 non
456 531 623 568 separent,
650 525 796 568 quamvis
821 523 962 555 methodi
986 522 1163 554 secundum
1187 532 1264 563 quas
1289 520 1492 558 ordinantur,

158 584 221 615 sint
239 582 467 615 diversissimae.
490 580 614 611 Inficias
636 585 744 610 tamen
764 578 803 609 iri
825 589 888 609 non
909 582 1028 620 potest,
1044 577 1145 619 ipsam
1168 574 1342 606 notabilem
1365 572 1495 604 confor-

157 637 304 668 mationis
323 635 462 666 indolem
484 634 602 665 habere
623 645 698 665 cum
722 631 843 663 familia
868 631 1101 669 Liliacearum,
1127 630 1249 661 ratione
1275 627 1383 659 habita
1408 626 1496 657 radi-

158 702 248 730 cum,
265 690 423 729 caulium,
440 688 609 728 foliorum,
627 687 706 730 quin
721 687 815 718 etiam
834 696 1025 729 organorum
1043 683 1212 715 floralium.
1239 682 1301 713 Sed
1326 680 1495 712 Orchideae

158 755 283 787 semper
305 756 321 774 a
345 744 427 774 veris
451 742 596 773 Liliaceis
616 740 865 783 segregabantur
894 740 1049 782 positione
1072 738 1223 782 germinis
1246 736 1332 779 quod
1352 737 1385 766 in
1408 736 1496 778 prio-
1524 774 1525 777 Ἴ

158 797 247 828 ribus
271 802 318 828 est
341 796 500 834 inferum,
527 795 561 826 in
586 793 812 837 posterioribus
837 804 911 825 vero
934 804 1109 835 superum,
1139 791 1290 834 quodque
1319 791 1353 820 in
1378 789 1497 820 Orchi-

160 850 227 882 deis
251 855 395 881 mutatur
415 850 449 880 in
474 848 637 891 capsulam
653 848 822 878 innumera
845 846 965 877 semina
983 844 1182 876 scobiformia
1205 844 1422 874 continentem
1438 842 1495 884 (1).

203 903 380 946 Singularis
406 902 479 945 styli
507 907 539 933 et
568 901 692 933 corollae
722 906 883 931 structura
916 899 1047 930 maximi
1077 899 1173 929 etiam
1203 903 1250 928 est
1284 897 1437 927 momenti
1464 896 1498 926 in

160 957 363 988 distinctione
384 955 514 986 familiae
534 954 574 985 de
595 965 657 996 qua
678 954 854 996 loquimur.
880 952 1081 984 Peculiarem
1103 963 1178 983 vero
1199 951 1407 982 attentionem
1428 960 1499 980 me—

158 1015 273 1041 rentur
301 1008 422 1040 radices
449 1007 518 1051 ejus
543 1006 789 1050 vegetabilium,
812 1012 876 1037 tam
902 1005 942 1036 oh
967 1005 1163 1048 singularem
1188 1004 1318 1035 illorum
1340 1004 1498 1041 formam,

160 1074 258 1106 quam
279 1061 318 1093 ob
339 1061 608 1104 comparationem
631 1061 684 1092 cui
705 1059 812 1091 locum
836 1058 1006 1090 dederunt.
1033 1058 1108 1089 Haec
1130 1058 1249 1096 forma,
1271 1057 1417 1099 quamvis
1441 1067 1499 1098 pro

160 1117 294 1150 diversis
322 1116 487 1159 speciebus
515 1114 687 1158 paululum
720 1114 804 1145 varia
820 1137 828 1152 ‚
858 1112 976 1143 stabilis
1002 1118 1112 1143 tamen
1136 1117 1168 1142 et
1196 1110 1352 1154 generalis
1375 1110 1408 1141 in
1434 1115 1499 1140 tota

159 1170 282 1203 familia
304 1176 428 1209 manet,
455 1170 550 1201 sicuti
579 1167 780 1200 consistentia
809 1178 882 1209 quae
912 1172 959 1197 est
987 1165 1173 1198 succulenta
1202 1170 1235 1196 et
1255 1165 1410 1201 farinom,
1436 1169 1497 1195 ete.

159 1224 287 1256 Dicitur
306 1224 378 1254 haec
406 1223 508 1254 forma
531 1222 582 1255 vel
602 1222 749 1261 bulbum,
779 1220 833 1253 vel‘
856 1220 1003 1263 didyma,
1030 1219 1085 1252 vel·
1102 1219 1260 1262 palmata,
1286 1218 1338 1250 vel
1361 1218 1500 1249 fascicu-

159 1277 239 1317 lata,
263 1288 455 1319 compressa,
472 1277 611 1319 integra,
638 1275 753 1315 divisa,
773 1280 834 1306 etc.
859 1275 901 1305 Et
921 1273 1073 1304 stabilitas
1093 1279 1267 1304 structurae
1285 1272 1356 1303 talis
1377 1277 1439 1311 est,
1463 1277 1501 1302 ut

160 1331 263 1362 forma
284 1330 398 1361 radicis
419 1335 537 1361 certam
556 1329 766 1360 distinctionis
791 1334 899 1359 notam
923 1327 1075 1359 exhibere
1099 1328 1211 1370 possit:
1236 1326 1323 1369 quod
1343 1327 1377 1357 in
1401 1326 1500 1356 Bota-

160 1384 234 1416 nica
257 1395 323 1415 non
347 1383 536 1426 frequenter
560 1382 668 1414 locum
688 1382 796 1414 habet.

205 1437 285 1469 Aliae
319 1443 476 1481 praeterea
509 1435 743 1468 observationes
771 1435 935 1479 generales
962 1434 1068 1478 quoad
1094 1434 1170 1466 folia
1202 1440 1395 1465 occurrunt:
1426 1440 1502 1465 sunt

162 1491 281 1523 etenim
301 1490 474 1533 simplicia,
492 1501 642 1529 nervosa,
661 1490 885 1533 integerrima,
905 1490 949 1521 ita
968 1496 1006 1521 ut
1026 1500 1137 1521 eorum
1159 1489 1300 1529 intuitu,
1318 1500 1413 1520 nemo
1438 1488 1502 1520 du-

161 1544 242 1577 bitet
257 1546 336 1588 quin
351 1545 469 1588 plantae
485 1545 667 1587 pertineant
678 1544 718 1576 ad
732 1543 1050 1588 Monocotyledones:
1067 1549 1130 1574 tam
1146 1543 1260 1574 intima
1281 1544 1367 1574 enim
1389 1542 1501 1573 relatio

162 1599 270 1630 existit
292 1599 376 1630 inter
395 1598 482 1630 lobos
502 1598 693 1641 E'mbryonis
712 1604 745 1630 et
764 1598 857 1639 folia,
878 1603 916 1630 ut
931 1609 970 1629 ex
990 1598 1135 1641 priorum
1156 1596 1318 1628 structura
1338 1602 1500 1628 structura

161 1652 374 1695 posteriorum
399 1652 533 1683 omnino
553 1651 704 1695 pendeat.

207 1705 256 1737 Cl.
278 1705 396 1737 Poiret
417 1705 465 1748 (2)
488 1705 662 1738 nonnullas
680 1704 780 1750 huj-us
804 1705 935 1738 familiae
959 1711 1187 1738 commemorat
1211 1706 1334 1749 species
1361 1716 1499 1748 quarum

166 1758 266 1791 caulis
284 1765 332 1790 est
351 1759 516 1791 scandens.

206 1811 350 1844 Bracteae
373 1814 469 1844 etiam
492 1819 568 1845 sunt
587 1813 762 1857 simplices⁴

206 1864 278 1896 Alia
298 1872 449 1908 praeterea
471 1866 507 1897 in
527 1866 658 1898 floribus
680 1867 900 1900 observantur.
931 1868 1055 1901 Corolla
1076 1869 1194 1900 dicitur
1216 1867 1417 1911 irregularis:
1444 1877 1500 1898 sex

164 1921 286 1950 constat
309 1919 423 1962 petalis
447 1931 519 1963 quae
549 1921 644 1953 variis
672 1920 856 1953 nominibus
882 1922 1035 1965 insignita
1059 1922 1171 1954 fuere:
1196 1922 1338 1965 primum
1368 1926 1505 1953 vocatur·

224 2023 269 2052 (1)
285 2023 344 2047 Vid‘.
363 2024 440 2046 Gimj.
460 2024 525 2048 Hisr.
544 2025 569 2050 d.
588 2025 622 2056 pl'.
646 2030 663 2049 t.
680 2027 727 2049 ΙΙΙ.
745 2034 770 2056 p.
789 2027 811 2049 3.

224 2064 269 2093 (φ)
284 2063 386 2094 Eneycl.
406 2065 529 2093 method„⁸
547 2066 599 2097 726>-
619 2066 686 2090 verb.
706 2067 802 2091 Ombis.
