1809 2469
367 503 485 545 A.A.
551 504 665 544 0.0.
732 480 1044 546 0.o.'1›1.11.

173 791 270 852 Cum
290 820 423 853 cuilibet
448 820 547 852 fasces
577 819 772 851 academicos
797 818 979 862 deposituro
1001 821 1126 864 legibus
1149 823 1263 854 nostris
1289 824 1434 866 imposita
1459 827 1499 857 sit

171 884 319 927 obligatio
351 883 391 914 de
425 889 614 926 argumento
641 881 778 925 quodam
814 885 1018 916 convenienti
1052 885 1181 929 publice
1209 886 1305 920 verba
1336 888 1496 929 faciendi,

169 947 340 990 equidem,
377 953 415 978 ut
443 947 520 978 huic
548 946 612 989 legi
645 946 879 987 satisfacerem,
914 949 1053 980 maxime
1085 950 1266 982 consultum
1301 961 1367 982 esse
1398 952 1497 993 (luxi,

169 1010 352 1050 materiam,
376 1011 410 1040 in
431 1021 494 1052 qua
515 1009 648 1040 strictim
670 1010 831 1042 tractanda
851 1012 950 1043 oratio
971 1023 1041 1044 mea
1063 1019 1257 1053 versaretur,
1282 1014 1400 1057 eligere
1421 1026 1496 1047 eum

168 1084 315 1113 naevum,
339 1084 436 1116 quem
464 1073 685 1116 gravissimum
710 1073 812 1104 omnis
837 1073 1008 1106 subtilioris
1037 1086 1072 1107 ac
1098 1076 1318 1108 fructuosioris
1345 1077 1497 1111 doctrinae

166 1136 436 1179 impedimentum
452 1136 599 1168 decennii
618 1136 652 1167 in
674 1135 734 1168 hac
748 1136 917 1169 Academia
942 1140 1091 1170 transacti
1110 1151 1186 1171 usus
1207 1140 1287 1171 mihi
1308 1141 1497 1184 comproba-

166 1200 223 1230 vit.
251 1200 312 1230 Iste
333 1211 409 1230 vero
434 1211 544 1230 naevus
564 1199 731 1241 ponendus
748 1211 814 1231 esse
835 1201 962 1234 videtur
983 1204 1017 1233 in
1037 1202 1168 1246 defectu
1193 1203 1368 1235 Platonici
1385 1206 1496 1236 scien—

166 1263 288 1292 tiarum
308 1263 451 1298 amoris,
474 1272 572 1303 quem
594 1268 719 1294 tantum
740 1275 804 1294 non
825 1265 988 1305 omnibus,
1013 1266 1047 1296 in
1067 1266 1116 1297 his
1139 1267 1231 1298 terris
1254 1266 1293 1298 ad
1314 1267 1494 1300 academica

165 1323 312 1356 subsellia
337 1323 561 1356 accedentibus
580 1336 784 1357 communem
807 1337 873 1358 esse
895 1327 1174 1370 deprehendimus.
1206 1330 1252 1361 Ut
1271 1331 1371 1373 igitur
1388 1339 1494 1364 nostra

163 1387 203 1419 de
226 1387 286 1419 hoc
310 1387 440 1419 defectu
464 1388 562 1419 oratio
586 1394 673 1419 recte
698 1394 796 1432 atque
821 1391 933 1423 ordine
956 1392 1122 1435 procedat,
1147 1393 1308 1435 primum,
1333 1394 1412 1437 quid
1435 1407 1493 1438 per

162 1450 364 1483 Platonicum
401 1452 606 1484 scientiarum
641 1465 780 1486 amorem
813 1456 1051 1500 intelh'gamus,
1089 1457 1337 1500 exponendum,
1376 1458 1492 1491 deinde

162 1514 394 1546 ostendendum
416 1516 495 1556 erit,
522 1516 680 1558 quomodo
705 1517 850 1550 defectus
870 1518 968 1563 hujus
987 1521 1101 1551 amoris
1120 1520 1206 1563 apud
1228 1527 1348 1552 nostros
1368 1533 1400 1553 se
1421 1535 1492 1554 ma-

161 1568 306 1618 nifestet,
334 1584 492 1621 postremo
515 1581 721 1622 proponenda
746 1589 843 1614 erunt
867 1583 984 1623 media,
1013 1583 1129 1626 quibus
1150 1584 1208 1614 iste
1231 1595 1318 1615 amor
1338 1584 1489 1617 facillime

161 1652 197 1671 ac
221 1641 394 1673 certissime
419 1648 451 1673 et
474 1644 618 1686 generari
640 1650 672 1675 et
695 1646 812 1677 nutriri
836 1647 941 1689 possit.

203 1704 297 1735 Prius
321 1715 411 1744 ver0‚
434 1717 531 1748 quam
552 1707 591 1738 ad
616 1707 684 1739 haec
703 1709 827 1752 singula
853 1706 1092 1753 aggrediamuxss
1119 1717 1298 1743 nostrarum
1322 1723 1388 1743 esse
1413 1725 1488 1756 par—

160 1767 242 1798 tium
265 1769 496 1810 existimamus,
511 1769 591 1811 Vos,
613 1772 691 1803 A.A.
709 1773 791 1804 0.0.
810 1774 892 1805 Ο.Ο.
909 1775 978 1806 ΗΗ.
999 1782 1035 1807 ut
1056 1775 1145 1807 nobis
1166 1777 1322 1819 patientes
1337 1788 1373 1808 ac
1387 1777 1487 1809 bene—

160 1829 245 1862 volas
278 1842 370 1862 aures
397 1832 580 1875 praebeatiS‚
613 1837 871 1880 tractationisque
900 1839 1088 1871 tenuitatem
1118 1840 1299 1882 argumenti
1332 1842 1485 1883 gravitate

158 1894 333 1934 excusetis,
364 1906 419 1936 ea,
445 1908 508 1940 qua
530 1910 587 1941 par
612 1905 675 1940 est,
701 1900 897 1934 observantia
928 1909 1023 1945 atque
1047 1903 1248 1935 humanitate
1274 1915 1363 1934 orare
1388 1910 1484 1947 atque

158 1955 330 1989 obsecrare.

202 2020 324 2058 Plato,
352 2034 465 2065 quem,
489 2025 540 2057 vel
562 2033 690 2070 propter
710 2029 831 2072 ingenii
854 2030 936 2062 ultra
959 2031 1139 2063 humanum
1165 2031 1295 2062 modum
1319 2031 1482 2063 excellen—
