1809 2469
757 199 870 242 &Q

163 308 1478 351 f

645 410 949 492 Appendix
972 453 985 475 ,

257 568 774 618 TELESCOPII
870 553 1393 601 RIENKSIANI

340 686 571 728 NOVIQUE
625 677 921 715 TELESCOPII
980 668 1315 704 UNIVERSALIS

549 785 851 812 DESCRIPTIONEM
896 779 1114 803 CONTINENS.

628 905 1035 926 ,ἐῶν-

726 1019 874 1053 SECTIO
920 1017 945 1048 Ι.

523 1125 568 1145 DE
613 1117 857 1143 TELESCOPIIS
903 1111 1100 1135 UNIVERSE.

219 1214 395 1257 Telescopii
419 1208 620 1243 Rienksiani
644 1204 812 1246 descriptio
840 1212 915 1232 cum
942 1198 1048 1230 omnia
1076 1196 1130 1228 illa
1159 1199 1337 1237 supponat,
1366 1202 1437 1234 quae
1466 1190 1506 1220 ad

175 1272 264 1302 hunc
287 1277 389 1309 usque
411 1265 495 1295 diem
516 1262 555 1293 de
576 1260 662 1291 omni
685 1256 927 1298 telescopiorum
947 1262 1065 1296 genere
1084 1249 1211 1292 cognita
1230 1247 1374 1285 fuerant,
1399 1245 1507 1287 prius-

176 1334 272 1367 quam
291 1320 379 1352 illam
403 1319 447 1349 ita
470 1314 641 1358 explanare
667 1310 844 1354 possimus7
870 1313 908 1339 ut
932 1307 1089 1337 lectorum
1120 1302 1233 1334 animis
1261 1298 1506 1331 convenientem

176 1378 263 1409 illius
295 1375 457 1405 notionem
488 1369 701 1400 informemus
717 1389 725 1404 ‚
766 1368 864 1393 totam
893 1360 1023 1391 omnino
1055 1354 1300 1397 telescopiorum
1338 1351 1508 1392 hucusque

178 1430 378 1473 cognitorum
403 1424 516 1456 seriem
542 1420 676 1453 strictim
698 1426 858 1460 exponere
881 1424 961 1457 opus
984 1411 1055 1443 erit.

228 1479 412 1521 Telescopii
430 1482 538 1508 autem
558 1472 652 1504 titulo
670 1470 823 1513 insignire
843 1466 980 1498 solemus
998 1465 1248 1496 instrumentum
1267 1458 1427 1501 optimum,
1447 1466 1511 1498 quo

182 1535 379 1580 objectorum
410 1528 583 1563 visibilium
625 1524 876 1567 longinquorum
909 1518 1028 1562 species
1059 1515 1214 1547 distinctae
1244 1518 1277 1544 et
1315 1509 1512 1553 amplificatae

183 1588 275 1620 oculo
296 1584 503 1618 exhibentur.

225 1642 481 1672 Instrumentum
511 1634 588 1665 huic
614 1642 707 1674 scopo
740 1625 963 1671 consequendo
989 1624 1142 1656 idoneum
1173 1618 1291 1663 triplici
1316 1616 1514 1661 potissimum

184 1695 308 1727 ratione
331 1690 443 1723 confici
469 1692 589 1731 potest,
615 1685 735 1716 scilicet

274 1746 317 1789 α)
340 1756 379 1777 ex
404 1743 499 1775 meris
520 1739 660 1772 lentibus
686 1736 810 1776 vitreis3
837 1733 900 1776 (T.
929 1727 1177 1772 Dioptricum.)

277 1799 319 1841 b)
342 1810 381 1830 ex
405 1797 500 1828 meris
523 1792 681 1837 speculi53
709 1791 770 1833 (T.
807 1784 1066 1828 Catoptriczcm.)

277 1853 318 1895 c)
342 1852 462 1884 diversa
481 1849 618 1880 lentium
639 1857 713 1877 cum
732 1841 868 1886 speculis
887 1838 1106 1881 colligatione3
1127 1834 1138 1877 (
1155 1834 1189 1865 T.
1208 1826 1520 1871 Catadioptricum.)

236 1907 356 1938 Omnes
376 1916 451 1936 vero
476 1901 718 1944 telescopiorum
744 1897 877 1929 effectus
899 1893 937 1925 ab
959 1892 1048 1923 hisce
1072 1888 1234 1932 praecipue
1255 1878 1520 1928 propositionibus

191 1960 353 2005 pendent:

237 2015 266 2046 L
296 2011 456 2054 Quaelibet
481 2010 550 2042 lens
579 2018 725 2040 convexa
753 2004 856 2038 radios
887 2013 928 2034 ex
960 1999 1071 2033 eodem
1101 1993 1217 2039 objecti
1247 1995 1372 2034 puncto
1394 1987 1520 2018 emissos
