1809 2469
327 307 363 337 ad
388 308 481 337 situm
506 308 667 339 inversum
691 306 836 347 imaginis
861 305 966 335 denuo
988 303 1231 342 invertendum,
1257 303 1379 335 duabus
1403 303 1541 335 lentibus
1562 315 1640 335 ocu—

325 359 445 390 laribus
470 366 610 390 auctum.

367 413 510 442 Primum
541 411 668 454 quidem
697 423 712 442 a
743 411 828 441 lente
853 408 1005 452 objectiva
1035 408 1093 438 OO
1123 408 1278 439 formatur
1312 408 1426 451 objecti
1461 408 1507 438 SP
1537 409 1640 450 imago

324 466 445 495 inversa
467 476 530 505 ps,
560 476 577 495 e
603 463 693 507 cujus
717 462 848 504 siugulis
881 462 1007 503 punctis
1036 461 1138 491 emissi
1163 460 1262 499 radii,
1292 460 1419 504 trajecta
1455 460 1540 491 lente
1568 461 1638 498 LL,

323 519 406 548 inter
423 528 454 547 se
478 517 616 559 paralleli
640 521 768 547 exeunt.
797 515 849 545 Sic
868 514 1021 556 progressi
1044 514 1249 555 excipiuntur
1272 513 1310 544 ab
1331 514 1426 544 altera
1448 514 1533 544 lente
1554 514 1637 551 L2L¹‚

324 570 375 600 cui
400 580 472 600 cum
499 570 599 611 prima
625 569 713 599 focus
738 567 914 598 communis
938 571 1002 604 est,
1031 566 1063 595 in
1089 577 1152 608 quo
1180 566 1256 597 radii
1285 577 1349 597 sese
1374 567 1575 597 intersecant.
1601 565 1638 595 In

322 622 419 653 altero
438 621 534 665 liujus
555 622 648 652 lentis
667 622 753 659 foco,
774 619 912 650 secundo
933 619 1092 650 radiorum
1115 630 1288 658 concursu,
1309 620 1447 651 secunda
1468 619 1637 650 exhibetur

321 675 424 717 imago
449 688 511 712 σπ,
548 675 658 716 primae
675 685 720 714 ps
744 674 886 710 inversa,
918 671 1060 713 adeoque
1084 672 1182 713 ipsius
1206 671 1319 715 objecti
1341 672 1387 702 SP
1411 678 1524 702 erecta.
1553 671 1636 702 Dein

321 726 535 757 decussatione
555 727 588 756 in
612 726 739 767 punctis
762 738 783 757 σ·
808 729 839 754 et
861 738 887 757 71·
907 724 1018 755 effecta
1041 736 1056 755 a
1083 726 1173 755 tertia
1200 724 1286 755 lente
1313 724 1433 755 oculari
1451 725 1524 754 L³L³
1548 724 1637 754 exci-

320 780 472 821 piuntur,
504 779 557 810 cui
589 790 662 809 cum
691 777 889 820 praecedente
918 777 1008 807 focus
1035 777 1212 807 communis
1243 783 1299 808 est.
1348 776 1485 807 Proinde
1515 775 1553 806 ab
1577 776 1636 806 hac

320 843 432 863 novam
466 832 688 862 refractionem
714 831 794 873 passi
823 830 928 861 denuo
952 828 1093 871 paralleli
1119 835 1258 869 exeunt,
1290 830 1390 860 donec
1416 829 1565 868 oculum,
1602 829 1634 859 in

318 885 386 916 loco
415 886 643 916 intersectionis
668 884 882 928 cylindrorum
911 883 1104 914 radiosorum
1136 884 1365 922 constitutum,
1394 882 1635 925 ingrediantur,

318 939 388 980 qui,
414 944 543 980 propter
567 938 702 968 rationes
724 938 756 968 in
782 937 919 967 sectione
945 935 984 965 de
1010 935 1177 977 telescopio
1203 937 1410 966 astronomico
1429 935 1551 973 allatas,
1576 934 1635 965 ob-

317 990 391 1034 jecti
416 991 586 1033 imaginem
608 990 696 1022 videt
718 990 896 1020 distinctam
923 994 954 1019 et
977 987 1217 1030 amplificatam,
1243 994 1275 1019 et
1295 995 1446 1032 praeterea
1473 994 1610 1019 erectam
1624 1011 1632 1027 ,

318 1049 446 1085 propter
471 1043 721 1074 convenientiam
749 1043 826 1073 situs
850 1040 948 1084 hujus
975 1041 1120 1083 imaginis
1147 1042 1180 1072 in
1204 1042 1305 1072 retina
1339 1053 1411 1073 cum
1439 1042 1502 1072 situ
1527 1041 1632 1080 illius,

318 1107 387 1136 quae
412 1108 427 1126 a
453 1096 620 1138 telescopio
649 1096 836 1125 Galilaeano
866 1094 996 1125 formari
1016 1105 1109 1136 supra
1135 1094 1345 1125 demonstrata
1367 1095 1442 1125 fuit.

362 1149 407 1178 Ex
431 1148 480 1179 his
504 1148 595 1179 facile
620 1153 727 1190 patet,
748 1148 786 1177 'in
812 1147 872 1177 hoc
900 1147 1067 1188 telescopio
1092 1147 1155 1177 duo
1183 1147 1272 1189 quasi
1300 1147 1440 1190 colligari
1463 1147 1631 1189 telescopia

316 1202 536 1238 astronomica,
572 1201 705 1231 alterum
729 1200 858 1242 quidem
884 1211 902 1230 e
929 1199 1068 1230 lentibus
1089 1199 1166 1238 OO,
1195 1201 1265 1238 LL,
1295 1200 1430 1230 alterum
1451 1211 1468 1230 e
1493 1199 1632 1230 lentibus

315 1254 386 1283 L⁵L²
415 1260 447 1284 et
470 1255 562 1291 L³L³‚
604 1265 738 1296 quorum
771 1254 859 1295 prius
891 1252 1165 1295 amplificationem
1184 1276 1192 1291 ‚
1227 1253 1381 1294 posterius
1419 1252 1628 1282 inversionem

314 1308 458 1349 imaginis
483 1306 595 1345 efficit,
626 1307 650 1337 si
671 1306 765 1337 lentis
786 1305 919 1336 ocularis
944 1305 1090 1336 secundae
1111 1316 1147 1335 ac
1166 1306 1265 1335 tertiae
1289 1305 1397 1335 eadem
1424 1306 1464 1335 sit
1484 1305 1628 1335 distantia

315 1360 432 1390 foculis.
460 1360 595 1390 Possunt
619 1365 724 1389 autem
747 1359 840 1389 etiam
863 1357 1002 1387 adhiberi
1023 1357 1122 1387 lentes
1143 1356 1310 1399 inaequalis
1330 1356 1483 1388 distantiae
1504 1357 1630 1397 focalis,

314 1418 350 1443 ut
381 1413 474 1442 etiam
503 1412 588 1442 lente
620 1412 709 1442 tertia
740 1417 772 1441 et
797 1416 907 1453 quarta
933 1410 1183 1452 amplificationis
1211 1410 1407 1440 incremento
1433 1406 1627 1441 consulatur.

313 1465 443 1506 Semper
469 1475 541 1495 vero
572 1465 732 1506 exigitur,
763 1469 800 1494 ut
831 1463 891 1493 soci
916 1463 1025 1505 primae
1046 1473 1081 1492 ac
1102 1461 1267 1501 secundae‚
1299 1473 1443 1500 necnon
1472 1462 1572 1493 tertiae
1597 1468 1629 1492 et

313 1524 453 1560 quartae,
478 1518 570 1548 lentis
593 1517 780 1548 coincidant.

354 1570 386 1600 Si
410 1571 502 1601 trium
530 1570 664 1600 lentium
689 1569 863 1600 ocularium
888 1568 996 1600 eadem
1023 1569 1063 1598 sit
1084 1569 1228 1599 distantia
1250 1568 1373 1607 focatis,
1400 1569 1493 1599 etiam
1515 1569 1548 1599 in
1566 1568 1627 1599 hoc

312 1623 478 1665 telescopio
498 1634 643 1653 mensura
663 1622 911 1665 amplificationis
930 1621 1038 1652 eadem
1056 1627 1102 1652 est
1119 1633 1154 1652 ac
1170 1622 1201 1652 in
1220 1621 1387 1664 telescopio
1407 1622 1623 1652 astronomica.

354 1676 509 1706 Praeterea
533 1676 627 1706 etiam
653 1687 782 1718 campus
812 1676 938 1706 visionis
966 1681 998 1706 et
1017 1675 1104 1706 locus
1128 1674 1211 1706 oculi
1232 1675 1265 1705 in
1290 1681 1428 1717 utroque
1452 1674 1536 1705 idem
1561 1680 1625 1713 est,

310 1727 363 1758 scd
386 1728 507 1758 claritas
529 1729 562 1758 in
588 1729 725 1758 terrestri
748 1728 880 1759 inferior
901 1734 1030 1771 propter
1056 1728 1208 1760 vitrorum
1229 1738 1400 1759 numerum
1422 1727 1520 1758 altero
1537 1732 1624 1758 tanto

310 1779 470 1823 majorem.

352 1832 388 1863 B.
437 1833 655 1876 ‘l'elescopium
680 1835 915 1875 catoptricztm,
949 1835 970 1864 i.
996 1845 1023 1865 e.
1051 1845 1090 1865 ex
1115 1836 1209 1865 meris
1231 1834 1367 1876 speculis
1392 1833 1562 1866 conflatum
1582 1835 1623 1866 ad

309 1885 395 1915 hunc
418 1897 518 1928 usque
534 1886 631 1925 diem,
656 1893 810 1929 quantum
832 1887 959 1930 quidem
979 1893 1113 1927 constat,
1135 1899 1150 1918 a
1166 1888 1294 1919 nemine
1313 1893 1530 1918 constructum
1546 1887 1620 1919 fuit.

351 1938 476 1968 Primus
497 1939 579 1970 illius
605 1941 795 1971 mentionem
823 1941 899 1971 fecit
923 1941 1140 1977 Mememms,
1165 1941 1199 1971 in
1220 1940 1405 1982 Catoptricae
1423 1941 1468 1983 (ἢ
1499 1941 1621 1983 Propo-

334 2030 377 2059 (Ὅ
396 2031 516 2054 Uuiversae
535 2033 675 2055 Geomeuiae
692 2033 819 2064 nlixtaeque
834 2034 1009 2057 Mathematicae
1028 2034 1152 2064 SynnpsiS.
1174 2033 1284 2063 ParisilS,
1310 2036 1374 2058 1644.
