<?xml version="1.0" encoding="UTF-8"?>
<!DOCTYPE html PUBLIC "-//W3C//DTD XHTML 1.0 Transitional//EN"
    "http://www.w3.org/TR/xhtml1/DTD/xhtml1-transitional.dtd">
<html xmlns="http://www.w3.org/1999/xhtml" xml:lang="en" lang="en">
 <head>
  <title>
</title>
<meta http-equiv="Content-Type" content="text/html;charset=utf-8" />
  <meta name='ocr-system' content='tesseract 3.04.00' />
  <meta name='ocr-capabilities' content='ocr_page ocr_carea ocr_par ocr_line ocrx_word'/>
</head>
<body>
  <div class='ocr_page' id='page_1' title='image "annalesacademiae26gand_0078.png"; bbox 0 0 1809 2469; ppageno 0'>
   <div class='ocr_carea' id='block_1_1' title="bbox 282 205 1608 1486">
    <p class='ocr_par' dir='ltr' id='par_1_1' title="bbox 287 205 1607 377">
     <span class='ocr_line' id='line_1_1' title="bbox 893 205 1004 247; baseline 0 -1"><span class='ocrx_word' id='word_1_1' title='bbox 893 206 906 247; x_wconf 91' lang='lat'>(</span> <span class='ocrx_word' id='word_1_2' title='bbox 925 205 967 244; x_wconf 78' lang='grc'>40</span> <span class='ocrx_word' id='word_1_3' title='bbox 989 205 1004 247; x_wconf 93' lang='grc'>)</span> 
     </span>
     <span class='ocr_line' id='line_1_2' title="bbox 287 277 1607 322; baseline -0.004 -6"><span class='ocrx_word' id='word_1_4' title='bbox 287 285 379 316; x_wconf 78' lang='lat' dir='ltr'>Hisce</span> <span class='ocrx_word' id='word_1_5' title='bbox 403 280 549 314; x_wconf 81' lang='lat' dir='ltr'>omnibus</span> <span class='ocrx_word' id='word_1_6' title='bbox 571 279 668 322; x_wconf 81' lang='lat' dir='ltr'><strong>probe</strong></span> <span class='ocrx_word' id='word_1_7' title='bbox 694 279 853 322; x_wconf 79' lang='lat' dir='ltr'>pensitatis</span> <span class='ocrx_word' id='word_1_8' title='bbox 879 277 1030 308; x_wconf 84' lang='lat' dir='ltr'>inductus</span> <span class='ocrx_word' id='word_1_9' title='bbox 1052 277 1130 318; x_wconf 83' lang='lat' dir='ltr'>fuit,</span> <span class='ocrx_word' id='word_1_10' title='bbox 1158 284 1195 309; x_wconf 87' lang='lat' dir='ltr'>ut</span> <span class='ocrx_word' id='word_1_11' title='bbox 1220 279 1252 309; x_wconf 89' lang='lat' dir='ltr'>in</span> <span class='ocrx_word' id='word_1_12' title='bbox 1277 279 1440 322; x_wconf 84' lang='lat' dir='ltr'>dioptricae</span> <span class='ocrx_word' id='word_1_13' title='bbox 1464 281 1607 322; x_wconf 87' lang='lat' dir='ltr'>proposi-</span> 
     </span>
     <span class='ocr_line' id='line_1_3' title="bbox 288 331 1009 377; baseline -0.011 -8"><span class='ocrx_word' id='word_1_14' title='bbox 288 339 372 369; x_wconf 80' lang='lat' dir='ltr'>tione</span> <span class='ocrx_word' id='word_1_15' title='bbox 397 338 422 367; x_wconf 82' lang='lat' dir='ltr'>L</span> <span class='ocrx_word' id='word_1_16' title='bbox 446 335 511 366; x_wconf 58' lang='lat' dir='ltr'>ulii</span> <span class='ocrx_word' id='word_1_17' title='bbox 535 333 694 377; x_wconf 78' lang='lat' dir='ltr'>problema</span> <span class='ocrx_word' id='word_1_18' title='bbox 720 337 909 375; x_wconf 79' lang='lat' dir='ltr'>proponeret</span> <span class='ocrx_word' id='word_1_19' title='bbox 932 331 1009 362; x_wconf 83' lang='lat' dir='ltr'>hoc:</span> 
     </span>
    </p>

    <p class='ocr_par' dir='ltr' id='par_1_2' title="bbox 285 385 1608 483">
     <span class='ocr_line' id='line_1_4' title="bbox 329 385 1608 425; baseline -0.004 -4"><span class='ocrx_word' id='word_1_20' title='bbox 329 391 361 421; x_wconf 86' lang='lat' dir='ltr'><em>E</em></span> <span class='ocrx_word' id='word_1_21' title='bbox 385 389 516 420; x_wconf 71' lang='lat' dir='ltr'>duabus</span> <span class='ocrx_word' id='word_1_22' title='bbox 541 387 694 418; x_wconf 74' lang='lat' dir='ltr'>convexis</span> <span class='ocrx_word' id='word_1_23' title='bbox 723 385 867 416; x_wconf 73' lang='lat' dir='ltr'>lentibus</span> <span class='ocrx_word' id='word_1_24' title='bbox 895 385 1108 425; x_wconf 77' lang='lat' dir='ltr'>telescopiam</span> <span class='ocrx_word' id='word_1_25' title='bbox 1133 390 1341 421; x_wconf 73' lang='lat' dir='ltr'>construere,</span> <span class='ocrx_word' id='word_1_26' title='bbox 1370 395 1434 425; x_wconf 83' lang='lat' dir='ltr'>quo</span> <span class='ocrx_word' id='word_1_27' title='bbox 1455 385 1608 416; x_wconf 75' lang='lat' dir='ltr'>visibilia</span> 
     </span>
     <span class='ocr_line' id='line_1_5' title="bbox 285 437 1605 483; baseline -0.005 -8"><span class='ocrx_word' id='word_1_28' title='bbox 285 449 392 475; x_wconf 75' lang='lat' dir='ltr'>erecta</span> <span class='ocrx_word' id='word_1_29' title='bbox 413 447 618 483; x_wconf 73' lang='lat' dir='ltr'>speclenlur,</span> <span class='ocrx_word' id='word_1_30' title='bbox 641 451 681 470; x_wconf 80' lang='lat' dir='ltr'>cte</span> <span class='ocrx_word' id='word_1_31' title='bbox 702 449 824 480; x_wconf 80' lang='lat' dir='ltr'>magna</span> <span class='ocrx_word' id='word_1_32' title='bbox 841 437 940 477; x_wconf 78' lang='lat' dir='ltr'>copia</span> <span class='ocrx_word' id='word_1_33' title='bbox 960 437 1064 466; x_wconf 74' lang='lat' dir='ltr'>simul</span> <span class='ocrx_word' id='word_1_34' title='bbox 1079 448 1141 467; x_wconf 76' lang='lat' dir='ltr'>ano</span> <span class='ocrx_word' id='word_1_35' title='bbox 1163 438 1287 468; x_wconf 72' lang='lat' dir='ltr'>intuitu</span> <span class='ocrx_word' id='word_1_36' title='bbox 1305 437 1605 478; x_wconf 71' lang='lat' dir='ltr'><em>comprehendatur.</em></span> 
     </span>
    </p>

    <p class='ocr_par' dir='ltr' id='par_1_3' title="bbox 328 489 1280 535">
     <span class='ocr_line' id='line_1_6' title="bbox 328 489 1280 535; baseline -0.009 -7"><span class='ocrx_word' id='word_1_37' title='bbox 328 497 388 528; x_wconf 83' lang='lat' dir='ltr'>Cui</span> <span class='ocrx_word' id='word_1_38' title='bbox 414 496 495 526; x_wconf 87' lang='lat' dir='ltr'>hanc</span> <span class='ocrx_word' id='word_1_39' title='bbox 521 495 600 532; x_wconf 82' lang='lat' dir='ltr'>fere,</span> <span class='ocrx_word' id='word_1_40' title='bbox 626 504 696 535; x_wconf 84' lang='lat' dir='ltr'>quae</span> <span class='ocrx_word' id='word_1_41' title='bbox 717 492 878 533; x_wconf 81' lang='lat' dir='ltr'>sequitur,</span> <span class='ocrx_word' id='word_1_42' title='bbox 907 489 1095 520; x_wconf 83' lang='lat' dir='ltr'>solutionem</span> <span class='ocrx_word' id='word_1_43' title='bbox 1125 489 1280 533; x_wconf 74' lang='lat' dir='ltr'>adjunxit.</span> 
     </span>
    </p>

    <p class='ocr_par' dir='ltr' id='par_1_4' title="bbox 282 542 1606 1275">
     <span class='ocr_line' id='line_1_7' title="bbox 330 542 1605 589; baseline -0.005 -9"><span class='ocrx_word' id='word_1_44' title='bbox 330 550 402 580; x_wconf 77' lang='lat' dir='ltr'>Esto</span> <span class='ocrx_word' id='word_1_45' title='bbox 430 548 483 579; x_wconf 80' lang='lat' dir='ltr'>AB</span> <span class='ocrx_word' id='word_1_46' title='bbox 511 547 592 589; x_wconf 83' lang='lat' dir='ltr'><em>(fig.</em></span> <span class='ocrx_word' id='word_1_47' title='bbox 616 546 671 586; x_wconf 85' lang='lat'>5.)</span> <span class='ocrx_word' id='word_1_48' title='bbox 697 545 763 575; x_wconf 90' lang='lat' dir='ltr'>lens</span> <span class='ocrx_word' id='word_1_49' title='bbox 788 544 946 582; x_wconf 68' lang='lat' dir='ltr'>exterior,</span> <span class='ocrx_word' id='word_1_50' title='bbox 978 542 1030 573; x_wconf 81' lang='lat' dir='ltr'>CD</span> <span class='ocrx_word' id='word_1_51' title='bbox 1053 554 1125 573; x_wconf 85' lang='lat' dir='ltr'>vero</span> <span class='ocrx_word' id='word_1_52' title='bbox 1153 543 1244 574; x_wconf 81' lang='lat' dir='ltr'>oculo</span> <span class='ocrx_word' id='word_1_53' title='bbox 1269 543 1414 585; x_wconf 81' lang='lat' dir='ltr'>propior,</span> <span class='ocrx_word' id='word_1_54' title='bbox 1445 554 1463 574; x_wconf 91' lang='lat' dir='ltr'>e</span> <span class='ocrx_word' id='word_1_55' title='bbox 1488 542 1605 585; x_wconf 89' lang='lat' dir='ltr'>quibus</span> 
     </span>
     <span class='ocr_line' id='line_1_8' title="bbox 286 595 1606 645; baseline -0.005 -11"><span class='ocrx_word' id='word_1_56' title='bbox 286 602 494 645; x_wconf 86' lang='lat' dir='ltr'>compositum</span> <span class='ocrx_word' id='word_1_57' title='bbox 519 601 558 630; x_wconf 84' lang='lat' dir='ltr'>sit</span> <span class='ocrx_word' id='word_1_58' title='bbox 580 598 784 639; x_wconf 82' lang='lat' dir='ltr'>telescopium</span> <span class='ocrx_word' id='word_1_59' title='bbox 815 595 1075 634; x_wconf 80' lang='lat' dir='ltr'>astronomicum,</span> <span class='ocrx_word' id='word_1_60' title='bbox 1105 596 1158 626; x_wconf 86' lang='lat' dir='ltr'>cui</span> <span class='ocrx_word' id='word_1_61' title='bbox 1183 595 1295 626; x_wconf 75' lang='lat' dir='ltr'>oculus</span> <span class='ocrx_word' id='word_1_62' title='bbox 1321 601 1406 626; x_wconf 78' lang='lat' dir='ltr'>recte</span> <span class='ocrx_word' id='word_1_63' title='bbox 1426 596 1469 626; x_wconf 87' lang='lat' dir='ltr'>sic</span> <span class='ocrx_word' id='word_1_64' title='bbox 1495 596 1606 627; x_wconf 87' lang='lat' dir='ltr'>admo-</span> 
     </span>
     <span class='ocr_line' id='line_1_9' title="bbox 284 647 1606 692; baseline -0.005 -6"><span class='ocrx_word' id='word_1_65' title='bbox 284 661 378 688; x_wconf 67' lang='lat' dir='ltr'>vetur</span> <span class='ocrx_word' id='word_1_66' title='bbox 402 655 435 684; x_wconf 88' lang='lat' dir='ltr'>in</span> <span class='ocrx_word' id='word_1_67' title='bbox 459 667 497 692; x_wconf 84' lang='grc' dir='ltr'>ω,</span> <span class='ocrx_word' id='word_1_68' title='bbox 523 657 560 682; x_wconf 87' lang='lat' dir='ltr'>ut</span> <span class='ocrx_word' id='word_1_69' title='bbox 582 651 599 681; x_wconf 77' lang='grc' dir='ltr'>ὲ</span> <span class='ocrx_word' id='word_1_70' title='bbox 624 650 710 681; x_wconf 84' lang='lat' dir='ltr'>lente</span> <span class='ocrx_word' id='word_1_71' title='bbox 734 649 785 679; x_wconf 82' lang='lat' dir='ltr'>CO</span> <span class='ocrx_word' id='word_1_72' title='bbox 807 648 901 678; x_wconf 81' lang='lat' dir='ltr'>distet</span> <span class='ocrx_word' id='word_1_73' title='bbox 925 648 1067 687; x_wconf 73' lang='lat' dir='ltr'>circiter,</span> <span class='ocrx_word' id='word_1_74' title='bbox 1092 654 1250 690; x_wconf 83' lang='lat' dir='ltr'>quantum</span> <span class='ocrx_word' id='word_1_75' title='bbox 1277 648 1367 679; x_wconf 84' lang='lat' dir='ltr'>focus</span> <span class='ocrx_word' id='word_1_76' title='bbox 1387 647 1465 691; x_wconf 79' lang='lat' dir='ltr'>ejus.</span> <span class='ocrx_word' id='word_1_77' title='bbox 1494 649 1606 692; x_wconf 84' lang='lat' dir='ltr'>Itaque</span> 
     </span>
     <span class='ocr_line' id='line_1_10' title="bbox 283 700 1605 745; baseline -0.005 -6"><span class='ocrx_word' id='word_1_78' title='bbox 283 710 367 739; x_wconf 84' lang='lat' dir='ltr'>inter</span> <span class='ocrx_word' id='word_1_79' title='bbox 385 707 503 737; x_wconf 84' lang='lat' dir='ltr'>lentem</span> <span class='ocrx_word' id='word_1_80' title='bbox 524 705 606 736; x_wconf 87' lang='lat' dir='ltr'>hauc</span> <span class='ocrx_word' id='word_1_81' title='bbox 627 708 850 745; x_wconf 86' lang='lat' dir='ltr'>punctumque</span> <span class='ocrx_word' id='word_1_82' title='bbox 872 713 909 738; x_wconf 83' lang='grc' dir='ltr'>ω,</span> <span class='ocrx_word' id='word_1_83' title='bbox 938 700 992 731; x_wconf 89' lang='lat' dir='ltr'>ubi</span> <span class='ocrx_word' id='word_1_84' title='bbox 1017 700 1133 742; x_wconf 84' lang='lat' dir='ltr'>alioqui</span> <span class='ocrx_word' id='word_1_85' title='bbox 1158 700 1270 731; x_wconf 84' lang='lat' dir='ltr'>oculus</span> <span class='ocrx_word' id='word_1_86' title='bbox 1292 700 1477 732; x_wconf 86' lang='lat' dir='ltr'>statuendus</span> <span class='ocrx_word' id='word_1_87' title='bbox 1501 701 1605 742; x_wconf 87' lang='lat' dir='ltr'>foret,</span> 
     </span>
     <span class='ocr_line' id='line_1_11' title="bbox 283 752 1606 803; baseline -0.006 -11"><span class='ocrx_word' id='word_1_88' title='bbox 283 759 448 803; x_wconf 88' lang='lat' dir='ltr'>speculum</span> <span class='ocrx_word' id='word_1_89' title='bbox 471 757 602 800; x_wconf 79' lang='lat' dir='ltr'>planum</span> <span class='ocrx_word' id='word_1_90' title='bbox 629 755 681 785; x_wconf 84' lang='lat' dir='ltr'>FG</span> <span class='ocrx_word' id='word_1_91' title='bbox 701 753 952 795; x_wconf 78' lang='lat' dir='ltr'>interponimuS,</span> <span class='ocrx_word' id='word_1_92' title='bbox 976 752 1114 794; x_wconf 80' lang='lat' dir='ltr'>elliptica</span> <span class='ocrx_word' id='word_1_93' title='bbox 1143 753 1262 791; x_wconf 85' lang='lat' dir='ltr'>forma,</span> <span class='ocrx_word' id='word_1_94' title='bbox 1287 752 1487 795; x_wconf 72' lang='lat' dir='ltr'>longitudine</span> <span class='ocrx_word' id='word_1_95' title='bbox 1511 754 1606 796; x_wconf 81' lang='lat' dir='ltr'>polli-</span> 
     </span>
     <span class='ocr_line' id='line_1_12' title="bbox 283 804 1606 851; baseline -0.002 -11"><span class='ocrx_word' id='word_1_96' title='bbox 283 813 366 851; x_wconf 81' lang='lat' dir='ltr'>cari,</span> <span class='ocrx_word' id='word_1_97' title='bbox 389 823 406 843; x_wconf 89' lang='lat' dir='ltr'>e</span> <span class='ocrx_word' id='word_1_98' title='bbox 431 809 558 841; x_wconf 83' lang='lat' dir='ltr'>metallo</span> <span class='ocrx_word' id='word_1_99' title='bbox 583 808 708 846; x_wconf 84' lang='lat' dir='ltr'>fusum,</span> <span class='ocrx_word' id='word_1_100' title='bbox 734 812 829 848; x_wconf 81' lang='lat' dir='ltr'>atque</span> <span class='ocrx_word' id='word_1_101' title='bbox 850 811 997 836; x_wconf 82' lang='lat' dir='ltr'>accurate</span> <span class='ocrx_word' id='word_1_102' title='bbox 1021 804 1217 846; x_wconf 71' lang='lat' dir='ltr'>expolitum,</span> <span class='ocrx_word' id='word_1_103' title='bbox 1245 805 1341 846; x_wconf 88' lang='lat' dir='ltr'>(nam</span> <span class='ocrx_word' id='word_1_104' title='bbox 1365 805 1462 837; x_wconf 80' lang='lat' dir='ltr'>vitrea</span> <span class='ocrx_word' id='word_1_105' title='bbox 1485 805 1524 836; x_wconf 94' lang='lat' dir='ltr'>ob</span> <span class='ocrx_word' id='word_1_106' title='bbox 1543 806 1606 838; x_wconf 89' lang='lat' dir='ltr'>du-</span> 
     </span>
     <span class='ocr_line' id='line_1_13' title="bbox 283 858 1606 907; baseline -0.005 -11"><span class='ocrx_word' id='word_1_107' title='bbox 283 865 399 907; x_wconf 89' lang='lat' dir='ltr'>plicem</span> <span class='ocrx_word' id='word_1_108' title='bbox 423 862 622 905; x_wconf 84' lang='lat' dir='ltr'>superficiem</span> <span class='ocrx_word' id='word_1_109' title='bbox 641 860 770 890; x_wconf 87' lang='lat' dir='ltr'>omnino</span> <span class='ocrx_word' id='word_1_110' title='bbox 792 858 830 889; x_wconf 89' lang='lat' dir='ltr'>ad</span> <span class='ocrx_word' id='word_1_111' title='bbox 849 859 937 889; x_wconf 89' lang='lat' dir='ltr'>hunc</span> <span class='ocrx_word' id='word_1_112' title='bbox 955 869 1047 889; x_wconf 83' lang='lat' dir='ltr'>usum</span> <span class='ocrx_word' id='word_1_113' title='bbox 1070 859 1176 900; x_wconf 88' lang='lat' dir='ltr'>inepta</span> <span class='ocrx_word' id='word_1_114' title='bbox 1193 858 1284 899; x_wconf 84' lang='lat' dir='ltr'>sunt)</span> <span class='ocrx_word' id='word_1_115' title='bbox 1309 858 1491 901; x_wconf 83' lang='lat' dir='ltr'>anguloque</span> <span class='ocrx_word' id='word_1_116' title='bbox 1511 859 1606 891; x_wconf 85' lang='lat' dir='ltr'>incli—</span> 
     </span>
     <span class='ocr_line' id='line_1_14' title="bbox 283 910 1606 954; baseline -0.005 -5"><span class='ocrx_word' id='word_1_117' title='bbox 283 929 395 949; x_wconf 87' lang='lat' dir='ltr'>namus</span> <span class='ocrx_word' id='word_1_118' title='bbox 419 917 583 947; x_wconf 85' lang='lat' dir='ltr'>semirecto</span> <span class='ocrx_word' id='word_1_119' title='bbox 602 914 640 945; x_wconf 89' lang='lat' dir='ltr'>ad</span> <span class='ocrx_word' id='word_1_120' title='bbox 660 923 751 943; x_wconf 78' lang='lat' dir='ltr'>axem</span> <span class='ocrx_word' id='word_1_121' title='bbox 773 912 925 949; x_wconf 78' lang='lat' dir='ltr'>lentium,</span> <span class='ocrx_word' id='word_1_122' title='bbox 948 917 1044 953; x_wconf 83' lang='lat' dir='ltr'>atque</span> <span class='ocrx_word' id='word_1_123' title='bbox 1063 912 1106 941; x_wconf 86' lang='lat' dir='ltr'>ita</span> <span class='ocrx_word' id='word_1_124' title='bbox 1128 910 1204 942; x_wconf 86' lang='lat' dir='ltr'>tubo</span> <span class='ocrx_word' id='word_1_125' title='bbox 1220 910 1430 950; x_wconf 84' lang='lat' dir='ltr'>includimus,</span> <span class='ocrx_word' id='word_1_126' title='bbox 1454 917 1490 942; x_wconf 88' lang='lat' dir='ltr'>ut</span> <span class='ocrx_word' id='word_1_127' title='bbox 1509 923 1606 954; x_wconf 88' lang='lat' dir='ltr'>quam</span> 
     </span>
     <span class='ocr_line' id='line_1_15' title="bbox 282 963 1606 1014; baseline -0.005 -12"><span class='ocrx_word' id='word_1_128' title='bbox 282 971 425 1014; x_wconf 72' lang='lat' dir='ltr'>proxime</span> <span class='ocrx_word' id='word_1_129' title='bbox 449 969 495 999; x_wconf 92' lang='lat' dir='ltr'>illi</span> <span class='ocrx_word' id='word_1_130' title='bbox 519 967 680 998; x_wconf 88' lang='lat' dir='ltr'>admoveri</span> <span class='ocrx_word' id='word_1_131' title='bbox 705 966 800 1008; x_wconf 84' lang='lat' dir='ltr'>possit</span> <span class='ocrx_word' id='word_1_132' title='bbox 826 964 938 995; x_wconf 85' lang='lat' dir='ltr'>oculus</span> <span class='ocrx_word' id='word_1_133' title='bbox 962 964 1007 1003; x_wconf 91' lang='lat' dir='ltr'>O,</span> <span class='ocrx_word' id='word_1_134' title='bbox 1035 964 1109 1006; x_wconf 86' lang='lat' dir='ltr'>qui,</span> <span class='ocrx_word' id='word_1_135' title='bbox 1135 974 1192 1006; x_wconf 84' lang='lat' dir='ltr'>per</span> <span class='ocrx_word' id='word_1_136' title='bbox 1213 963 1355 994; x_wconf 83' lang='lat' dir='ltr'>foramen</span> <span class='ocrx_word' id='word_1_137' title='bbox 1375 964 1406 993; x_wconf 88' lang='lat' dir='ltr'>in</span> <span class='ocrx_word' id='word_1_138' title='bbox 1433 963 1536 995; x_wconf 86' lang='lat' dir='ltr'>tubuli</span> <span class='ocrx_word' id='word_1_139' title='bbox 1557 965 1606 996; x_wconf 88' lang='lat' dir='ltr'>la-</span> 
     </span>
     <span class='ocr_line' id='line_1_16' title="bbox 284 1016 1605 1060; baseline -0.005 -5"><span class='ocrx_word' id='word_1_140' title='bbox 284 1023 389 1055; x_wconf 84' lang='lat' dir='ltr'>teralis</span> <span class='ocrx_word' id='word_1_141' title='bbox 409 1023 526 1053; x_wconf 88' lang='lat' dir='ltr'>lamina</span> <span class='ocrx_word' id='word_1_142' title='bbox 546 1026 754 1058; x_wconf 76' lang='lat' dir='ltr'>excavatum,</span> <span class='ocrx_word' id='word_1_143' title='bbox 773 1019 806 1049; x_wconf 90' lang='lat' dir='ltr'>in</span> <span class='ocrx_word' id='word_1_144' title='bbox 829 1017 996 1060; x_wconf 89' lang='lat' dir='ltr'>speculum</span> <span class='ocrx_word' id='word_1_145' title='bbox 1023 1017 1122 1047; x_wconf 85' lang='lat' dir='ltr'>aciem</span> <span class='ocrx_word' id='word_1_146' title='bbox 1145 1016 1266 1059; x_wconf 80' lang='lat' dir='ltr'>dirigit,</span> <span class='ocrx_word' id='word_1_147' title='bbox 1284 1022 1379 1058; x_wconf 77' lang='lat' dir='ltr'>atque</span> <span class='ocrx_word' id='word_1_148' title='bbox 1393 1017 1435 1047; x_wconf 88' lang='lat' dir='ltr'>ita</span> <span class='ocrx_word' id='word_1_149' title='bbox 1458 1017 1605 1058; x_wconf 79' lang='lat' dir='ltr'>visibilia,</span> 
     </span>
     <span class='ocr_line' id='line_1_17' title="bbox 282 1070 1605 1119; baseline -0.005 -11"><span class='ocrx_word' id='word_1_150' title='bbox 282 1077 322 1108; x_wconf 80' lang='lat' dir='ltr'>ad</span> <span class='ocrx_word' id='word_1_151' title='bbox 346 1087 419 1119; x_wconf 83' lang='lat' dir='ltr'>quae</span> <span class='ocrx_word' id='word_1_152' title='bbox 444 1074 540 1106; x_wconf 84' lang='lat' dir='ltr'>tubus</span> <span class='ocrx_word' id='word_1_153' title='bbox 560 1073 708 1116; x_wconf 83' lang='lat' dir='ltr'>dirigitur</span> <span class='ocrx_word' id='word_1_154' title='bbox 728 1077 760 1103; x_wconf 89' lang='lat' dir='ltr'>et</span> <span class='ocrx_word' id='word_1_155' title='bbox 779 1077 882 1103; x_wconf 87' lang='lat' dir='ltr'>erecta</span> <span class='ocrx_word' id='word_1_156' title='bbox 905 1072 1074 1113; x_wconf 85' lang='lat' dir='ltr'>conspicit,</span> <span class='ocrx_word' id='word_1_157' title='bbox 1099 1076 1132 1101; x_wconf 86' lang='lat' dir='ltr'>et</span> <span class='ocrx_word' id='word_1_158' title='bbox 1156 1070 1266 1101; x_wconf 85' lang='lat' dir='ltr'>eadem</span> <span class='ocrx_word' id='word_1_159' title='bbox 1293 1071 1382 1112; x_wconf 89' lang='lat' dir='ltr'>copia</span> <span class='ocrx_word' id='word_1_160' title='bbox 1407 1082 1442 1100; x_wconf 89' lang='lat' dir='ltr'>ac</span> <span class='ocrx_word' id='word_1_161' title='bbox 1467 1071 1492 1101; x_wconf 80' lang='lat' dir='ltr'>si</span> <span class='ocrx_word' id='word_1_162' title='bbox 1515 1071 1605 1102; x_wconf 90' lang='lat' dir='ltr'>nullo</span> 
     </span>
     <span class='ocr_line' id='line_1_18' title="bbox 282 1122 1606 1170; baseline -0.003 -11"><span class='ocrx_word' id='word_1_163' title='bbox 282 1128 466 1170; x_wconf 88' lang='lat' dir='ltr'>interposito</span> <span class='ocrx_word' id='word_1_164' title='bbox 490 1125 619 1169; x_wconf 84' lang='lat' dir='ltr'>speculo</span> <span class='ocrx_word' id='word_1_165' title='bbox 644 1126 677 1156; x_wconf 86' lang='lat' dir='ltr'>in</span> <span class='ocrx_word' id='word_1_166' title='bbox 699 1138 720 1158; x_wconf 85' lang='grc' dir='ltr'><em>ω</em></span> <span class='ocrx_word' id='word_1_167' title='bbox 750 1124 939 1155; x_wconf 83' lang='lat' dir='ltr'>constitutus</span> <span class='ocrx_word' id='word_1_168' title='bbox 959 1129 1049 1154; x_wconf 89' lang='lat' dir='ltr'>esset.</span> <span class='ocrx_word' id='word_1_169' title='bbox 1074 1122 1174 1166; x_wconf 85' lang='lat' dir='ltr'>Cujus</span> <span class='ocrx_word' id='word_1_170' title='bbox 1200 1122 1332 1153; x_wconf 79' lang='lat' dir='ltr'>effectus</span> <span class='ocrx_word' id='word_1_171' title='bbox 1357 1133 1484 1153; x_wconf 84' lang='lat' dir='ltr'>causam</span> <span class='ocrx_word' id='word_1_172' title='bbox 1510 1134 1606 1166; x_wconf 83' lang='lat' dir='ltr'>repe-</span> 
     </span>
     <span class='ocr_line' id='line_1_19' title="bbox 282 1175 1605 1219; baseline -0.004 -7"><span class='ocrx_word' id='word_1_173' title='bbox 282 1180 411 1212; x_wconf 83' lang='lat' dir='ltr'>tendam</span> <span class='ocrx_word' id='word_1_174' title='bbox 436 1191 501 1211; x_wconf 88' lang='lat' dir='ltr'>esse</span> <span class='ocrx_word' id='word_1_175' title='bbox 520 1184 640 1210; x_wconf 84' lang='lat' dir='ltr'>constat</span> <span class='ocrx_word' id='word_1_176' title='bbox 664 1189 704 1208; x_wconf 77' lang='lat' dir='ltr'>ex</span> <span class='ocrx_word' id='word_1_177' title='bbox 729 1177 907 1219; x_wconf 81' lang='lat' dir='ltr'>aequalitate</span> <span class='ocrx_word' id='word_1_178' title='bbox 929 1176 1119 1218; x_wconf 84' lang='lat' dir='ltr'>angulorum</span> <span class='ocrx_word' id='word_1_179' title='bbox 1146 1175 1326 1206; x_wconf 68' lang='lat' dir='ltr'>incidentiae</span> <span class='ocrx_word' id='word_1_180' title='bbox 1353 1181 1385 1205; x_wconf 90' lang='lat' dir='ltr'>et</span> <span class='ocrx_word' id='word_1_181' title='bbox 1409 1176 1605 1217; x_wconf 80' lang='lat' dir='ltr'>ressexionis,</span> 
     </span>
     <span class='ocr_line' id='line_1_20' title="bbox 282 1228 1283 1275; baseline -0.008 -10"><span class='ocrx_word' id='word_1_182' title='bbox 282 1234 395 1272; x_wconf 87' lang='lat' dir='ltr'>radiis,</span> <span class='ocrx_word' id='word_1_183' title='bbox 421 1234 454 1264; x_wconf 89' lang='lat' dir='ltr'>in</span> <span class='ocrx_word' id='word_1_184' title='bbox 474 1231 639 1275; x_wconf 80' lang='lat' dir='ltr'>speculum</span> <span class='ocrx_word' id='word_1_185' title='bbox 667 1230 798 1272; x_wconf 87' lang='lat' dir='ltr'>planum</span> <span class='ocrx_word' id='word_1_186' title='bbox 819 1228 1047 1267; x_wconf 88' lang='lat' dir='ltr'>incidentibus,</span> <span class='ocrx_word' id='word_1_187' title='bbox 1072 1233 1283 1270; x_wconf 86' lang='lat' dir='ltr'>competente.</span> 
     </span>
    </p>

    <p class='ocr_par' dir='ltr' id='par_1_5' title="bbox 283 1280 1604 1486">
     <span class='ocr_line' id='line_1_21' title="bbox 325 1280 1604 1325; baseline -0.004 -8"><span class='ocrx_word' id='word_1_188' title='bbox 325 1287 372 1317; x_wconf 85' lang='lat' dir='ltr'>Ut</span> <span class='ocrx_word' id='word_1_189' title='bbox 391 1292 428 1317; x_wconf 93' lang='lat' dir='ltr'>ut</span> <span class='ocrx_word' id='word_1_190' title='bbox 455 1296 529 1317; x_wconf 87' lang='lat' dir='ltr'>vero</span> <span class='ocrx_word' id='word_1_191' title='bbox 554 1284 678 1315; x_wconf 83' lang='lat' dir='ltr'>eximiae</span> <span class='ocrx_word' id='word_1_192' title='bbox 699 1283 761 1313; x_wconf 87' lang='lat' dir='ltr'>sint</span> <span class='ocrx_word' id='word_1_193' title='bbox 785 1281 882 1325; x_wconf 89' lang='lat' dir='ltr'>hujus</span> <span class='ocrx_word' id='word_1_194' title='bbox 903 1281 1063 1322; x_wconf 84' lang='lat' dir='ltr'>telescopii</span> <span class='ocrx_word' id='word_1_195' title='bbox 1089 1281 1244 1318; x_wconf 80' lang='lat' dir='ltr'>virtutes,</span> <span class='ocrx_word' id='word_1_196' title='bbox 1268 1290 1361 1310; x_wconf 87' lang='lat' dir='ltr'>nemo</span> <span class='ocrx_word' id='word_1_197' title='bbox 1382 1285 1487 1322; x_wconf 81' lang='lat' dir='ltr'>postea</span> <span class='ocrx_word' id='word_1_198' title='bbox 1518 1280 1604 1312; x_wconf 91' lang='lat' dir='ltr'>illius</span> 
     </span>
     <span class='ocr_line' id='line_1_22' title="bbox 283 1331 1604 1379; baseline -0.005 -8"><span class='ocrx_word' id='word_1_199' title='bbox 283 1340 477 1371; x_wconf 84' lang='lat' dir='ltr'>mentionem</span> <span class='ocrx_word' id='word_1_200' title='bbox 499 1337 576 1368; x_wconf 85' lang='lat' dir='ltr'>fecit</span> <span class='ocrx_word' id='word_1_201' title='bbox 598 1342 712 1379; x_wconf 86' lang='lat' dir='ltr'>praeter</span> <span class='ocrx_word' id='word_1_202' title='bbox 735 1334 924 1376; x_wconf 73' lang='lat' dir='ltr'>Woffizcm,</span> <span class='ocrx_word' id='word_1_203' title='bbox 953 1333 1008 1375; x_wconf 89' lang='lat' dir='ltr'>qui</span> <span class='ocrx_word' id='word_1_204' title='bbox 1032 1332 1148 1374; x_wconf 80' lang='lat' dir='ltr'>etipse</span> <span class='ocrx_word' id='word_1_205' title='bbox 1168 1332 1240 1362; x_wconf 78' lang='lat' dir='ltr'>salis</span> <span class='ocrx_word' id='word_1_206' title='bbox 1261 1331 1373 1362; x_wconf 88' lang='lat' dir='ltr'>habuit</span> <span class='ocrx_word' id='word_1_207' title='bbox 1393 1334 1604 1364; x_wconf 85' lang='lat' dir='ltr'>constructio-</span> 
     </span>
     <span class='ocr_line' id='line_1_23' title="bbox 283 1385 1604 1434; baseline -0.006 -10"><span class='ocrx_word' id='word_1_208' title='bbox 283 1404 357 1424; x_wconf 88' lang='lat' dir='ltr'>nem</span> <span class='ocrx_word' id='word_1_209' title='bbox 382 1391 450 1434; x_wconf 80' lang='lat' dir='ltr'>ejus</span> <span class='ocrx_word' id='word_1_210' title='bbox 475 1390 617 1428; x_wconf 84' lang='lat' dir='ltr'>tradere,</span> <span class='ocrx_word' id='word_1_211' title='bbox 642 1388 835 1430; x_wconf 82' lang='lat' dir='ltr'>(Dioptricae</span> <span class='ocrx_word' id='word_1_212' title='bbox 855 1387 871 1428; x_wconf 83' lang='lat'>§</span> <span class='ocrx_word' id='word_1_213' title='bbox 893 1386 978 1427; x_wconf 82' lang='lat'>360)</span> <span class='ocrx_word' id='word_1_214' title='bbox 1006 1386 1142 1416; x_wconf 78' lang='lat' dir='ltr'>auctoris</span> <span class='ocrx_word' id='word_1_215' title='bbox 1165 1385 1294 1415; x_wconf 88' lang='lat' dir='ltr'>nomine</span> <span class='ocrx_word' id='word_1_216' title='bbox 1320 1396 1384 1415; x_wconf 85' lang='lat' dir='ltr'>non</span> <span class='ocrx_word' id='word_1_217' title='bbox 1410 1396 1604 1416; x_wconf 90' lang='lat' dir='ltr'>commemo-</span> 
     </span>
     <span class='ocr_line' id='line_1_24' title="bbox 283 1437 1604 1486; baseline -0.006 -9"><span class='ocrx_word' id='word_1_218' title='bbox 283 1452 361 1477; x_wconf 86' lang='lat' dir='ltr'>rato.</span> <span class='ocrx_word' id='word_1_219' title='bbox 386 1445 452 1483; x_wconf 89' lang='lat' dir='ltr'>Qui</span> <span class='ocrx_word' id='word_1_220' title='bbox 472 1442 601 1486; x_wconf 86' lang='lat' dir='ltr'>quidem</span> <span class='ocrx_word' id='word_1_221' title='bbox 620 1446 754 1474; x_wconf 87' lang='lat' dir='ltr'>eventus</span> <span class='ocrx_word' id='word_1_222' title='bbox 772 1440 889 1482; x_wconf 83' lang='lat' dir='ltr'>triplici</span> <span class='ocrx_word' id='word_1_223' title='bbox 912 1449 1014 1470; x_wconf 71' lang='lat' dir='ltr'>causae</span> <span class='ocrx_word' id='word_1_224' title='bbox 1036 1437 1223 1469; x_wconf 84' lang='lat' dir='ltr'>tribuendus</span> <span class='ocrx_word' id='word_1_225' title='bbox 1241 1448 1308 1468; x_wconf 87' lang='lat' dir='ltr'>esse</span> <span class='ocrx_word' id='word_1_226' title='bbox 1325 1437 1465 1477; x_wconf 84' lang='lat' dir='ltr'>videtur,</span> <span class='ocrx_word' id='word_1_227' title='bbox 1485 1437 1604 1469; x_wconf 88' lang='lat' dir='ltr'>scilicet</span> 
     </span>
    </p>
   </div>
   <div class='ocr_carea' id='block_1_2' title="bbox 283 1500 1604 1918">
    <p class='ocr_par' dir='ltr' id='par_1_6' title="bbox 284 1500 1604 1601">
     <span class='ocr_line' id='line_1_25' title="bbox 328 1500 1604 1549; baseline -0.004 -12"><span class='ocrx_word' id='word_1_228' title='bbox 328 1507 370 1549; x_wconf 87' lang='lat'>1)</span> <span class='ocrx_word' id='word_1_229' title='bbox 404 1506 514 1549; x_wconf 87' lang='lat' dir='ltr'>Majori</span> <span class='ocrx_word' id='word_1_230' title='bbox 534 1504 676 1536; x_wconf 85' lang='lat' dir='ltr'>facilitati</span> <span class='ocrx_word' id='word_1_231' title='bbox 703 1503 830 1546; x_wconf 85' lang='lat' dir='ltr'>specula</span> <span class='ocrx_word' id='word_1_232' title='bbox 855 1508 963 1533; x_wconf 86' lang='lat' dir='ltr'>contra</span> <span class='ocrx_word' id='word_1_233' title='bbox 990 1501 1062 1532; x_wconf 86' lang='lat' dir='ltr'>coeli</span> <span class='ocrx_word' id='word_1_234' title='bbox 1083 1500 1215 1544; x_wconf 88' lang='lat' dir='ltr'>injurias</span> <span class='ocrx_word' id='word_1_235' title='bbox 1236 1500 1402 1531; x_wconf 85' lang='lat' dir='ltr'>muniendi</span> <span class='ocrx_word' id='word_1_236' title='bbox 1424 1506 1456 1531; x_wconf 84' lang='lat' dir='ltr'>et</span> <span class='ocrx_word' id='word_1_237' title='bbox 1476 1511 1604 1532; x_wconf 80' lang='lat' dir='ltr'>conser—</span> 
     </span>
     <span class='ocr_line' id='line_1_26' title="bbox 284 1555 1151 1601; baseline -0.008 -10"><span class='ocrx_word' id='word_1_238' title='bbox 284 1559 394 1598; x_wconf 72' lang='lat' dir='ltr'>vandi,</span> <span class='ocrx_word' id='word_1_239' title='bbox 418 1570 489 1601; x_wconf 71' lang='lat' dir='ltr'>quae</span> <span class='ocrx_word' id='word_1_240' title='bbox 512 1557 680 1599; x_wconf 88' lang='lat' dir='ltr'>telescopio</span> <span class='ocrx_word' id='word_1_241' title='bbox 704 1557 892 1587; x_wconf 75' lang='lat' dir='ltr'>Heveliano</span> <span class='ocrx_word' id='word_1_242' title='bbox 915 1555 1066 1597; x_wconf 87' lang='lat' dir='ltr'>palmaria</span> <span class='ocrx_word' id='word_1_243' title='bbox 1089 1559 1151 1593; x_wconf 87' lang='lat' dir='ltr'>est;</span> 
     </span>
    </p>

    <p class='ocr_par' dir='ltr' id='par_1_7' title="bbox 283 1605 1602 1754">
     <span class='ocr_line' id='line_1_27' title="bbox 327 1605 1602 1655; baseline -0.003 -13"><span class='ocrx_word' id='word_1_244' title='bbox 327 1613 372 1655; x_wconf 78' lang='lat'>2)</span> <span class='ocrx_word' id='word_1_245' title='bbox 409 1610 531 1653; x_wconf 72' lang='lat' dir='ltr'>Anuplis</span> <span class='ocrx_word' id='word_1_246' title='bbox 553 1610 670 1653; x_wconf 87' lang='lat' dir='ltr'>pariter</span> <span class='ocrx_word' id='word_1_247' title='bbox 693 1620 729 1640; x_wconf 85' lang='lat' dir='ltr'>ac</span> <span class='ocrx_word' id='word_1_248' title='bbox 751 1608 866 1651; x_wconf 86' lang='lat' dir='ltr'>rapidis</span> <span class='ocrx_word' id='word_1_249' title='bbox 888 1607 1092 1639; x_wconf 88' lang='lat' dir='ltr'>incrementis</span> <span class='ocrx_word' id='word_1_250' title='bbox 1119 1617 1191 1649; x_wconf 83' lang='lat' dir='ltr'>quae</span> <span class='ocrx_word' id='word_1_251' title='bbox 1212 1605 1334 1644; x_wconf 88' lang='lat' dir='ltr'>seculo,</span> <span class='ocrx_word' id='word_1_252' title='bbox 1360 1605 1514 1647; x_wconf 77' lang='lat' dir='ltr'>Hugenii</span> <span class='ocrx_word' id='word_1_253' title='bbox 1539 1607 1602 1638; x_wconf 80' lang='lat' dir='ltr'>fata</span> 
     </span>
     <span class='ocr_line' id='line_1_28' title="bbox 283 1657 1602 1708; baseline -0.004 -13"><span class='ocrx_word' id='word_1_254' title='bbox 283 1665 427 1708; x_wconf 74' lang='lat' dir='ltr'>proxime</span> <span class='ocrx_word' id='word_1_255' title='bbox 454 1669 583 1701; x_wconf 83' lang='lat' dir='ltr'>secuto,</span> <span class='ocrx_word' id='word_1_256' title='bbox 612 1673 652 1694; x_wconf 80' lang='lat' dir='ltr'>ex</span> <span class='ocrx_word' id='word_1_257' title='bbox 679 1661 794 1705; x_wconf 80' lang='lat' dir='ltr'>junctis</span> <span class='ocrx_word' id='word_1_258' title='bbox 818 1662 935 1693; x_wconf 74' lang='lat' dir='ltr'>Euleri</span> <span class='ocrx_word' id='word_1_259' title='bbox 969 1659 1290 1700; x_wconf 77' lang='lat' dir='ltr'>Dollondiorumque</span> <span class='ocrx_word' id='word_1_260' title='bbox 1317 1657 1475 1690; x_wconf 87' lang='lat' dir='ltr'>laboribus</span> <span class='ocrx_word' id='word_1_261' title='bbox 1501 1659 1602 1701; x_wconf 86' lang='lat' dir='ltr'>Diop—</span> 
     </span>
     <span class='ocr_line' id='line_1_29' title="bbox 283 1717 572 1754; baseline -0.007 -7"><span class='ocrx_word' id='word_1_262' title='bbox 283 1717 369 1747; x_wconf 80' lang='lat' dir='ltr'>tricae</span> <span class='ocrx_word' id='word_1_263' title='bbox 395 1725 572 1754; x_wconf 75' lang='lat' dir='ltr'>accessere,</span> 
     </span>
    </p>

    <p class='ocr_par' dir='ltr' id='par_1_8' title="bbox 284 1763 1602 1918">
     <span class='ocr_line' id='line_1_30' title="bbox 327 1763 1602 1811; baseline -0.004 -13"><span class='ocrx_word' id='word_1_264' title='bbox 327 1769 370 1811; x_wconf 84' lang='lat'>3)</span> <span class='ocrx_word' id='word_1_265' title='bbox 402 1768 587 1798; x_wconf 85' lang='lat' dir='ltr'>Definitioni</span> <span class='ocrx_word' id='word_1_266' title='bbox 620 1767 779 1810; x_wconf 85' lang='lat' dir='ltr'>telescopii</span> <span class='ocrx_word' id='word_1_267' title='bbox 813 1767 1050 1810; x_wconf 82' lang='lat' dir='ltr'>catadioptrici,</span> <span class='ocrx_word' id='word_1_268' title='bbox 1081 1777 1099 1796; x_wconf 88' lang='lat' dir='ltr'>a</span> <span class='ocrx_word' id='word_1_269' title='bbox 1130 1763 1275 1808; x_wconf 87' lang='lat' dir='ltr'>pluribus</span> <span class='ocrx_word' id='word_1_270' title='bbox 1307 1763 1448 1807; x_wconf 88' lang='lat' dir='ltr'>Physicis</span> <span class='ocrx_word' id='word_1_271' title='bbox 1469 1763 1513 1804; x_wconf 62' lang='lat'>(²⁶)</span> <span class='ocrx_word' id='word_1_272' title='bbox 1552 1763 1602 1795; x_wconf 87' lang='lat' dir='ltr'>vel</span> 
     </span>
     <span class='ocr_line' id='line_1_31' title="bbox 284 1815 1602 1864; baseline -0.005 -11"><span class='ocrx_word' id='word_1_273' title='bbox 284 1821 463 1864; x_wconf 73' lang='lat' dir='ltr'>propositae,</span> <span class='ocrx_word' id='word_1_274' title='bbox 491 1820 541 1852; x_wconf 85' lang='lat' dir='ltr'>vel</span> <span class='ocrx_word' id='word_1_275' title='bbox 561 1820 718 1859; x_wconf 73' lang='lat' dir='ltr'>admissae,</span> <span class='ocrx_word' id='word_1_276' title='bbox 739 1820 915 1852; x_wconf 88' lang='lat' dir='ltr'>secundum</span> <span class='ocrx_word' id='word_1_277' title='bbox 939 1831 1035 1863; x_wconf 86' lang='lat' dir='ltr'>quam</span> <span class='ocrx_word' id='word_1_278' title='bbox 1059 1817 1264 1860; x_wconf 86' lang='lat' dir='ltr'>telescopium</span> <span class='ocrx_word' id='word_1_279' title='bbox 1290 1815 1550 1859; x_wconf 87' lang='lat' dir='ltr'>catadioptricum</span> <span class='ocrx_word' id='word_1_280' title='bbox 1568 1817 1602 1848; x_wconf 87' lang='lat' dir='ltr'>id</span> 
     </span>
     <span class='ocr_line' id='line_1_32' title="bbox 284 1868 1370 1918; baseline -0.006 -12"><span class='ocrx_word' id='word_1_281' title='bbox 284 1874 491 1918; x_wconf 87' lang='lat' dir='ltr'>perhibeant,</span> <span class='ocrx_word' id='word_1_282' title='bbox 517 1874 550 1904; x_wconf 90' lang='lat' dir='ltr'>in</span> <span class='ocrx_word' id='word_1_283' title='bbox 577 1884 639 1916; x_wconf 91' lang='lat' dir='ltr'>quo</span> <span class='ocrx_word' id='word_1_284' title='bbox 660 1873 753 1904; x_wconf 90' lang='lat' dir='ltr'>lentis</span> <span class='ocrx_word' id='word_1_285' title='bbox 776 1873 938 1918; x_wconf 85' lang='lat' dir='ltr'>objectivae</span> <span class='ocrx_word' id='word_1_286' title='bbox 960 1873 1043 1905; x_wconf 89' lang='lat' dir='ltr'>vices</span> <span class='ocrx_word' id='word_1_287' title='bbox 1062 1876 1212 1914; x_wconf 74' lang='lat' dir='ltr'>praestent</span> <span class='ocrx_word' id='word_1_288' title='bbox 1232 1868 1370 1912; x_wconf 86' lang='lat' dir='ltr'>specula.</span> 
     </span>
    </p>
   </div>
   <div class='ocr_carea' id='block_1_3' title="bbox 284 1951 1592 1964">
    <p class='ocr_par' dir='ltr' id='par_1_9' title="bbox 284 1951 1592 1964">
     <span class='ocr_line' id='line_1_33' title="bbox 284 1951 1592 1964; baseline 0 505"><span class='ocrx_word' id='word_1_289' title='bbox 284 1951 1592 1964; x_wconf 95' lang='lat' dir='ltr'> </span> 
     </span>
    </p>
   </div>
   <div class='ocr_carea' id='block_1_4' title="bbox 344 2000 1432 2035">
    <p class='ocr_par' dir='ltr' id='par_1_10' title="bbox 344 2000 1432 2035">
     <span class='ocr_line' id='line_1_34' title="bbox 344 2000 1432 2035; baseline -0.003 -8"><span class='ocrx_word' id='word_1_290' title='bbox 344 2004 387 2034; x_wconf 86' lang='lat'>(1)</span> <span class='ocrx_word' id='word_1_291' title='bbox 403 2004 461 2028; x_wconf 81' lang='lat' dir='ltr'>Vid.</span> <span class='ocrx_word' id='word_1_292' title='bbox 481 2012 502 2027; x_wconf 80' lang='lat' dir='ltr'>e.</span> <span class='ocrx_word' id='word_1_293' title='bbox 519 2011 541 2035; x_wconf 79' lang='lat' dir='ltr'>g.</span> <span class='ocrx_word' id='word_1_294' title='bbox 564 2003 665 2028; x_wconf 68' lang='lat' dir='ltr'>Gclztcri</span> <span class='ocrx_word' id='word_1_295' title='bbox 680 2003 785 2029; x_wconf 74' lang='lat' dir='ltr'>Lexicon</span> <span class='ocrx_word' id='word_1_296' title='bbox 803 2004 931 2035; x_wconf 66' lang='lat' dir='ltr'>physicum</span> <span class='ocrx_word' id='word_1_297' title='bbox 951 2004 1064 2035; x_wconf 84' lang='lat' dir='ltr'>(germ.)</span> <span class='ocrx_word' id='word_1_298' title='bbox 1086 2002 1131 2027; x_wconf 87' lang='lat' dir='ltr'>Ed.</span> <span class='ocrx_word' id='word_1_299' title='bbox 1149 2003 1169 2025; x_wconf 84' lang='lat'>1.</span> <span class='ocrx_word' id='word_1_300' title='bbox 1184 2001 1254 2025; x_wconf 84' lang='lat' dir='ltr'>Tom.</span> <span class='ocrx_word' id='word_1_301' title='bbox 1272 2000 1317 2026; x_wconf 82' lang='lat' dir='ltr'>lV.</span> <span class='ocrx_word' id='word_1_302' title='bbox 1337 2008 1361 2031; x_wconf 77' lang='lat' dir='ltr'>p.</span> <span class='ocrx_word' id='word_1_303' title='bbox 1384 2001 1432 2024; x_wconf 75' lang='lat'>154.</span> 
     </span>
    </p>
   </div>
  </div>
 </body>
</html>
