1809 2469
923 226 934 268 (
959 226 1000 266 46
1024 228 1035 269 )

356 311 387 330 α.
413 299 489 329 Tela
510 298 667 330 cellularis
688 304 735 330 est
754 299 924 342 regularis,
946 299 1114 331 uniformis
1133 300 1145 342 (
1163 302 1243 332 Tab.
1263 303 1340 333 IV.
1360 303 1424 345 fig.
1447 304 1497 335 19.
1512 304 1533 345 ).

357 353 387 383 Ι).
412 352 514 396 Pulpa
536 352 644 385 viridis
668 352 798 384 cellulas
818 352 952 397 hujusce
975 353 1043 384 telae
1065 353 1167 396 replet
1188 354 1298 396 (Tab.
1319 356 1396 386 IV.
1412 356 1480 398 fig.
1500 356 1580 399 18),
1606 363 1638 388 et

312 407 489 437 innumeris
513 407 639 448 punctis
662 405 788 446 albidis,
810 406 910 437 veluti
931 406 1114 449 pellucidis,
1138 407 1284 439 distincta
1307 408 1443 439 videtur.

358 460 489 491 Alcohol
506 459 598 491 facile
614 459 742 491 cellulas
756 471 772 490 a
787 459 888 502 pulpa
907 466 1045 502 separat3
1063 460 1176 503 pulpa,
1196 460 1289 492 viridi
1306 460 1409 492 colore
1425 467 1492 492 tum
1510 463 1638 502 amisso,

312 514 418 545 locum
439 513 558 557 praebet
574 514 636 546 levi
653 514 862 553 concretioni,
878 514 920 544 ita
942 520 979 545 ut
997 514 1215 556 producantur
1234 516 1335 557 prima
1358 515 1538 547 rudimenta
1564 517 1639 547 visi-

313 567 387 598 bilia
410 568 526 599 horum
547 567 749 610 globulorum
771 579 849 611 quos
869 567 1103 599 Celeberrimus
1121 568 1309 599 Datroehet
1325 579 1473 601 nervosos
1488 569 1637 612 appellat.

312 621 421 660 (Ταῦ.
441 621 518 652 IV.
532 621 600 663 fig.
625 622 676 652 22.
697 633 736 652 ae
749 622 770 662 ).

355 674 607 716 Distinguuntur
621 674 717 705 etiam
732 675 765 704 in
785 674 847 705 tela
865 674 1009 705 cellulari
1026 686 1154 716 corpora
1176 673 1365 716 peculiaria,
1379 674 1638 717 longitudinalia,

313 727 445 770 parvula
480 726 545 769 (ff
571 726 640 769 fig.
667 728 720 757 22.
763 727 844 757 Tab.
870 728 942 758 1V
941 728 973 770 )
1004 739 1142 770 quorum
1175 727 1315 758 indolem
1347 729 1475 770 ignoro:
1504 736 1639 761 sunt-ue

312 779 505 823 Raphidium
526 779 656 823 analoga
681 779 824 822 organa?
1547 779 1554 786 ”

355 845 383 864 c.
408 833 505 864 Nervi
534 844 597 866 non
628 839 753 864 tantum
784 839 1022 876 componuntur
1051 833 1131 865 vasis
1162 833 1449 876 longitudinalibus
1483 835 1640 877 parallelis

311 888 323 930 (
341 887 422 918 Tab.
445 886 523 918 IV.
538 886 606 929 fig.
627 888 680 917 20.
702 887 768 929 bh)
792 886 847 918 sed
862 887 957 917 etiam
980 886 1099 919 tubulis
1120 886 1396 926 transversalibuS,
1417 888 1575 930 prioribus
1598 890 1639 920 ita

313 946 547 972 anastomosatls
566 946 604 971 ut
618 940 679 971 tela
698 940 867 983 polygonia
883 941 1085 981 efformetur,
1102 941 1372 983 quemadmodum
1395 942 1427 972 in
1444 941 1527 972 foliis
1546 942 1640 985 plan-

313 1000 418 1025 tarum
439 993 696 1036 dicotyledonum
719 993 818 1035 (Tah
841 994 918 1024 IV.
935 994 1004 1036 fig.
1027 995 1065 1024 21
1090 1000 1123 1025 et
1133 994 1201 1036 fig.
1224 995 1277 1024 22.
1304 994 1377 1036 ecl).

357 1047 438 1078 Vasa
459 1047 511 1078 illa
531 1047 699 1086 soliorum,
722 1053 759 1078 ut
780 1046 917 1079 vidimus
941 1047 957 1088 ᾗ
978 1047 1036 1086 54,
1067 1048 1193 1077 nonnisi
1212 1053 1286 1078 sunt
1308 1058 1470 1089 processus
1491 1058 1638 1080 vasorum

313 1100 412 1132 caulis
438 1106 470 1131 et
499 1100 609 1131 cadem
640 1099 799 1130 structura
832 1098 990 1141 gaudent:
1021 1100 1130 1142 itaque
1161 1099 1316 1130 horumce
1344 1099 1384 1130 de
1410 1101 1639 1142 organisatione

314 1153 410 1186 verba
433 1153 539 1185 facere
559 1152 673 1184 inutile
697 1151 787 1183 nobis
807 1152 945 1184 videtur.

546 1275 603 1306 De
628 1276 797 1306 nonnullis
826 1277 860 1307 in
887 1276 1100 1306 nutritionem
1124 1276 1408 1307 annotationibus.

886 1372 909 1414 g
953 1372 1064 1403 Lvm.

359 1476 526 1508 structura
554 1476 685 1507 externa
715 1482 747 1507 et
772 1477 896 1508 interna
923 1489 1114 1520 organorum
1144 1478 1327 1509 nutritionis
1353 1479 1520 1522 expositiS,
1547 1480 1640 1513 liceat

316 1530 461 1573 quaedam
482 1531 698 1572 experimenta
715 1541 730 1560 a
746 1530 835 1561 nobis
851 1531 883 1561 in
904 1531 1076 1563 Orchidem
1097 1532 1262 1563 latifoliam
1282 1533 1426 1564 instituta
1450 1545 1638 1577 proponere.

360 1584 408 1615 Ab
433 1583 579 1615 omnibus
599 1590 672 1615 nota
698 1590 744 1615 est
765 1585 810 1616 vis
835 1585 946 1628 ingens
971 1586 1120 1616 suctionis
1149 1596 1244 1628 quam
1270 1586 1474 1617 manifestant
1502 1588 1639 1628 radices,

315 1644 353 1669 ut
378 1649 434 1669 nos
460 1637 574 1669 docent
601 1637 707 1668 Celeb.
728 1638 840 1669 Hales
862 1645 894 1669 et
912 1639 1049 1670 Mirbel.
1073 1639 1110 1669 In
1131 1645 1271 1670 mentem
1288 1639 1377 1670 nobis
1398 1641 1486 1671 venit
1507 1652 1640 1683 cognos—

316 1702 388 1721 cere
413 1702 503 1733 aquae
532 1691 742 1732 quantitatem
772 1703 888 1734 quam,
922 1699 1064 1736 tempore
1092 1693 1184 1733 dato,
1215 1694 1309 1724 unica
1340 1693 1449 1725 divisio
1480 1693 1639 1726 tuberculi

317 1743 465 1774 Orchidis
486 1743 650 1774 absorbere
670 1751 786 1786 posset,
809 1751 840 1776 et
863 1757 997 1788 sequens
1020 1747 1277 1789 experimentum
1299 1747 1505 1778 instituimus.

360 1797 420 1827 Die
435 1796 456 1827 6
471 1796 545 1827 Maii
567 1798 649 1830 1827
667 1799 807 1840 cepimus
828 1799 1000 1830 Orcliidem
1022 1799 1186 1830 latifoliam
1212 1801 1269 1830 tria
1289 1799 1363 1830 folia
1383 1799 1568 1839 habentem,
1590 1806 1638 1840 et,

317 1850 460 1881 absciscis
475 1850 621 1881 omnibus
636 1850 792 1882 radicibus
811 1858 842 1883 et
857 1852 921 1883 una
937 1852 1090 1884 divisione
1107 1852 1264 1884 tuberculi
1277 1864 1284 1892 ς
1303 1851 1469 1883 tuberculo
1484 1864 1559 1883 vero
1574 1865 1639 1884 uno

317 1914 357 1934 ex
369 1902 437 1947 ejus
448 1903 652 1935 divisionibus
667 1910 698 1934 et
710 1904 819 1936 tubere
833 1906 956 1937 intactis
971 1906 1221 1945 remanentibus,
1235 1906 1394 1948 specimen
1406 1907 1594 1937 immisimus
1604 1907 1638 1937 in

318 1956 528 1998 quantitatem
542 1967 634 1998 aquae
649 1957 667 1988 8
680 1958 864 1990 centimetra
876 1959 986 1990 cubica
1001 1959 1236 2002 adaequantem,
1254 1959 1296 1989 ita
1309 1965 1345 1990 ut
1357 1959 1467 1990 divisio
1479 1959 1638 1991 tuberculi

319 2010 437 2040 intacta
456 2020 546 2052 aquae
568 2010 822 2053 immergeretur.
852 2013 894 2044 19
913 2013 986 2044 Maii
1004 2013 1185 2046 invenimus
1203 2012 1400 2044 solummodo
1416 2013 1435 2053 ,4
1453 2014 1639 2045 centimetra
