1809 2469
785 226 899 269 (17)

211 327 369 364 Praeterea
394 319 592 354 Astronomia
617 316 681 348 suis
703 312 880 345 cultoribus
902 311 1039 353 imponit
1065 311 1169 353 legem
1190 309 1385 342 incredibilis
1406 311 1503 342 animi

166 387 378 422 contentionis
397 392 430 417 et
449 383 563 415 laboris
586 377 748 423 patientiae
769 387 865 419 supra
888 374 983 405 fidem
1006 386 1141 417 magnae.
1168 374 1250 405 Hinc
1271 374 1414 417 quisquis
1431 385 1459 405 e.
1473 386 1502 417 g.

167 455 201 486 in
222 452 389 495 eclipsium
409 444 628 491 Phaenomenis
653 440 775 473 calculo
797 438 1046 471 determinandis
1072 443 1235 469 strenuam
1256 448 1385 480 operam
1407 448 1506 469 nava-

168 519 231 554 vit,
258 521 466 559 quoscunque
489 509 564 540 alios
585 518 624 538 ex
648 506 736 537 omni
758 504 964 535 scientiarum
986 511 1103 544 genere
1125 499 1247 531 labores
1268 500 1395 530 nonnisi
1419 499 1507 531 lusus

168 579 308 612 habebit.
335 577 434 608 Porro
463 583 622 605 summam
649 571 682 600 in
709 567 857 600 omnibus
882 565 978 597 rebus
1006 565 1107 607 exigit
1130 564 1360 607 precisionem,
1393 569 1508 606 utpote

167 654 238 686 quae
259 652 325 685 prae
347 638 494 671 omnibus
516 636 584 667 aliis
605 633 780 676 disciplinis
804 631 1093 662 minutissimarum
1115 628 1256 671 partium
1283 627 1333 659 vel
1358 611 1509 669 temporis

167 707 220 740 vel
238 705 331 749 spatii
352 713 462 734 curam
484 712 520 731 ac
541 699 697 731 rationem
713 695 832 727 habere
852 705 978 736 semper
996 698 1140 735 cogatur.
1167 692 1250 722 Hinc
1271 692 1367 722 etiam
1386 691 1509 722 factum

167 777 234 810 est,
262 775 301 801 ut
326 769 538 799 instrumenta
565 761 756 806 geometrica
782 765 852 790 tum
880 758 1012 789 demum
1044 756 1083 786 ad
1116 766 1280 786 summum
1305 755 1510 797 perfectionis

170 833 306 877 gradum
326 829 482 874 perducta
506 828 589 866 sint,
621 824 677 856 ubi
700 823 871 854 astronomi
894 821 1074 864 geodaeticis
1101 818 1339 861 operationibus
1366 818 1511 849 adhiberi

170 905 308 939 coepere.
354 892 503 933 Denique
535 886 755 925 Astronomia,
793 885 983 916 universum
1010 883 1193 926 complexa,
1229 883 1278 913 uti
1313 881 1512 924 reliquarum

169 960 315 991 omnium
338 955 579 997 disciplinarum
600 962 731 994 operam
753 950 869 992 exigit,
891 949 933 979 ita
957 948 1094 981 vicissim
1115 946 1155 978 ad
1168 946 1238 977 illas
1258 956 1369 977 omnes
1389 956 1513 991 augen-

166 1021 241 1064 835,
267 1019 441 1059 ornandas,
466 1015 675 1061 perficiendas
697 1014 877 1057 plurimum
901 1013 990 1043 facit.

214 1087 378 1117 Postremo
404 1093 469 1113 non
490 1079 616 1112 silentio
641 1077 839 1122 praeterirem
862 1075 1057 1119 singularem
1078 1075 1170 1105 istam
1196 1074 1279 1112 vim,
1302 1083 1398 1115 quam
1418 1070 1515 1102 habet

171 1148 373 1182 Astronomia
405 1146 444 1177 ad
466 1145 609 1176 animum
633 1143 815 1174 humanum
839 1152 855 1171 a
879 1138 1149 1182 contemplatione
1180 1137 1322 1169 universi
1353 1135 1393 1167 ad
1417 1134 1515 1179 hujus

170 1218 335 1244 auctorem
354 1207 592 1246 extollendum,
618 1206 679 1236 nisi
703 1205 850 1237 vidissem
874 1203 1101 1233 Astronomum
1126 1200 1214 1232 haud
1234 1200 1426 1231 mediocrem
1449 1210 1515 1230 sese

171 1276 315 1308 Atheum
340 1274 540 1316 gloriantem.
569 1270 720 1301 Ceterum
741 1266 781 1297 ad
801 1277 854 1297 me
877 1265 965 1308 quod
985 1265 1120 1304 attinet,
1146 1274 1197 1294 me
1219 1262 1418 1294 subscribere
1441 1272 1516 1293 sen-

170 1338 281 1370 tentiae
311 1338 412 1380 poetae
437 1333 605 1369 hebraici,
639 1331 696 1374 qui
721 1329 854 1368 cecinit,
884 1328 992 1359 coelos
1022 1339 1159 1358 narrare
1185 1328 1332 1370 gloriam
1362 1328 1453 1364 Dei,
1484 1332 1517 1358 et

173 1401 372 1437 britannici,
396 1399 454 1442 qui
472 1397 620 1436 asseruit,
638 1400 864 1426 astronomum
883 1392 1022 1434 impiam
1036 1402 1187 1422 essenon
1202 1401 1306 1432 posse
1325 1390 1394 1421 nisi
1410 1395 1516 1421 mente

176 1470 328 1508 captum,
360 1462 490 1506 publice
511 1461 654 1504 profiteri
678 1458 790 1491 nullus
811 1456 935 1488 dubito.

217 1529 250 1560 Si
273 1529 374 1571 igitur
403 1526 528 1566 omnia,
558 1535 630 1567 quae
656 1523 722 1554 huc
745 1533 848 1565 usque
875 1520 1089 1560 ostendimus,
1116 1530 1228 1552 revera
1252 1518 1296 1550 ita
1319 1529 1352 1549 se
1374 1517 1515 1557 habent,

173 1593 409 1624 Astronomiam
426 1590 547 1622 scilicet
562 1599 671 1621 omnes
685 1588 850 1627 homines,
875 1597 941 1618 non
962 1585 1094 1616 omnino
1117 1582 1306 1626 plumbeos,
1332 1593 1389 1613 sua
1414 1580 1517 1612 subli-

174 1657 286 1688 mitate
314 1656 349 1686 in
384 1655 434 1686 sui
461 1653 705 1685 admirationem
729 1662 865 1694 rapere,
897 1650 1013 1692 suique
1042 1647 1237 1679 desiderium
1266 1645 1328 1677 illis
1352 1646 1515 1685 incutere,

176 1721 321 1756 omnium
342 1730 474 1759 eorum,
500 1729 578 1762 quae,
593 1717 628 1749 in
655 1716 751 1748 rebus
771 1715 922 1747 humanis
945 1713 1043 1756 vulgo
1070 1711 1195 1754 ampla,
1221 1709 1404 1753 splendida,
1431 1699 1517 1740 desi—

176 1783 327 1815 derabilia
351 1782 512 1814 habentur
535 1781 775 1824 despicientiam
797 1780 947 1822 gignere,
972 1782 1115 1808 mentem
1139 1786 1214 1807 vero
1234 1774 1411 1805 humanam
1428 1773 1517 1816 quasi

176 1846 295 1878 finibus
316 1847 380 1878 suis
399 1845 556 1885 educere,
582 1850 615 1875 et
638 1843 678 1875 ad
700 1842 905 1874 altitudinem
925 1841 1024 1884 ipsius
1044 1845 1168 1871 naturae
1192 1838 1437 1870 convenientem
1459 1847 1517 1867 ex-

176 1910 310 1949 tollere,
338 1922 355 1941 a
376 1910 440 1941 suis
464 1920 559 1953 porro
584 1907 761 1940 cultoribus
783 1907 955 1938 maximam
977 1905 1076 1936 animi
1100 1902 1338 1935 contentionem
1355 1906 1388 1931 et
1403 1899 1518 1931 laboris

176 1973 365 2017 patientiam
391 1983 616 2016 summamque
636 1973 670 2003 in
690 1971 840 2003 omnibus
857 1970 953 2002 rebus
973 1969 1191 2013 praecisionem
1213 1966 1357 2009 exigere,
1378 1963 1518 2007 denique

178 2037 220 2069 ad
247 2048 357 2069 omnes
385 2037 524 2082 reliquas
554 2036 737 2081 disciplinas
771 2034 981 2080 perficiendas
1010 2033 1191 2077 plurimum
1223 2030 1350 2071 facere,
1385 2028 1420 2060 in
1454 2028 1519 2062 vita

1055 2078 1073 2107 3
