1809 2469
782 217 901 258 (11)

176 304 394 336 subterraneas
410 303 600 335 descendere
621 302 798 344 coegimus,
820 308 857 332 ut
877 312 1008 344 aquam,
1031 303 1120 342 salia,
1144 315 1235 345 saxa,
1259 308 1398 348 metalla,
1426 322 1497 342 car..

175 366 288 406 bones,
312 373 344 398 et
365 366 521 409 quidquid
542 371 693 408 praeterea
715 375 733 394 e
754 369 845 394 terrae
864 364 1036 395 visceribus
1057 366 1238 398 mortalium
1259 370 1375 411 cupido
1398 383 1497 414 appe-
1526 366 1532 369 “

176 431 235 469 tit,
266 431 452 461 extracturis
481 428 649 460 fossoribus
679 439 768 459 suam
797 439 924 470 operam
955 429 1189 469 commodaret,
1231 431 1370 474 denique
1403 436 1499 466 vesti-

177 494 292 524 mentis
321 493 398 523 adeo
429 492 605 534 calceisque
635 491 807 522 formandis
840 490 1054 522 adhibuimus
1092 492 1217 524 Coelum
1249 506 1324 526 vero
1357 499 1439 528 tueri
1467 505 1500 530 et

178 562 296 587 erectos
318 555 357 585 ad
378 554 478 585 sidera
503 554 610 587 vultus
634 554 759 593 tollere,
785 553 836 585 vel
857 555 985 584 omnino
1009 554 1146 586 coelestia
1170 558 1355 599 anquirere,
1377 562 1499 592 nemini

175 618 242 649 fere
267 617 352 660 apud
374 624 495 648 nostros
519 629 604 648 curae
626 628 707 656 esse,
734 618 804 660 quis
824 622 887 656 est,
910 617 966 659 qui
986 628 1049 648 non
1076 618 1207 649 videat?
1231 620 1288 650 Uti
1312 622 1420 664 itaque
1440 634 1499 654 an-

144 675 150 679 ”
176 681 256 723 tiqui
279 681 487 724 philosophiae
508 681 630 712 alumni
655 681 780 712 nonnisi
805 680 889 711 coelo
911 680 1026 711 intenti
1050 686 1164 712 terram
1191 683 1353 726 vitamque
1382 685 1499 717 huma-

174 756 248 775 nam
274 745 342 776 fere
366 745 589 787 negligebant,
619 745 662 775 ita
686 745 851 783 hodierni,
883 744 971 786 quasi
1001 743 1099 786 glebae
1124 744 1270 787 adscripti
1301 752 1333 777 et
1361 749 1498 780 materiae

176 808 337 838 tenacitati
359 807 531 850 implicati,
557 808 701 850 neglecto
722 807 802 838 coelo
822 807 947 837 nonnisi
970 812 1086 836 terram
1109 807 1246 849 vitaeque
1270 808 1418 841 humanae
1440 822 1500 843 ne-

176 872 332 901 cessitates
356 877 452 912 atque
482 870 706 901 oblectationes
736 870 800 900 suis
829 869 914 900 curis
944 868 1212 911 com-plectuntur.
1257 870 1442 915 Utrumque
1466 874 1499 904 in

176 934 251 965 vitio
276 944 341 964 esse
365 944 459 964 nemo
483 933 577 964 facile
600 934 721 964 inficias
742 933 811 963 ibit.

216 996 266 1026 Ex
287 996 417 1038 antiqua
442 1001 549 1026 autem
575 995 769 1026 medicorum
794 994 936 1025 doctrina
959 995 1127 1024 contraria
1156 997 1332 1027 contrariis
1360 998 1500 1030 curanda

174 1065 259 1090 sunt.
301 1058 359 1089 Uti
381 1059 479 1101 igitur
503 1059 644 1090 Socrates
667 1059 716 1090 sui
741 1059 799 1091 aevi
826 1058 988 1096 morbum,
1015 1058 1071 1099 qui
1093 1063 1160 1088 erat
1179 1069 1324 1090 excessus
1346 1059 1501 1092 Platonici

173 1123 377 1153 scientiarum
398 1123 529 1162 amoris,
555 1123 679 1154 curavit
699 1120 881 1152 devocando
905 1120 1139 1162 philosophiam
1159 1131 1177 1151 e
1203 1122 1290 1152 coelo
1309 1124 1343 1152 in
1366 1128 1499 1164 terram,

173 1186 217 1216 ita
237 1197 293 1215 nos
312 1184 410 1227 hujus
432 1186 491 1216 aevi
512 1185 675 1224 morbum,
701 1186 756 1227 qui
779 1190 825 1215 est
844 1184 988 1215 defectus
1009 1183 1163 1214 Platonici
1187 1185 1392 1215 scientiarum
1411 1197 1501 1217 amo-

175 1248 232 1286 ris,
267 1246 445 1278 curandum
473 1248 680 1288 proponimus
703 1246 881 1278 revocando
905 1246 1136 1288 philosophiam
1165 1258 1182 1278 e
1205 1253 1287 1278 terra
1311 1249 1345 1279 in
1368 1249 1499 1280 coelum.

175 1308 274 1353 Cujus
305 1308 435 1351 quidem
457 1308 579 1339 consilii
607 1320 786 1339 successum
810 1319 875 1338 non
901 1309 1056 1339 minorem
1082 1309 1231 1340 futurum
1260 1321 1325 1341 esse
1349 1322 1405 1351 eo,
1437 1322 1500 1354 quo

172 1372 314 1403 Socrates
337 1372 461 1414 gavisus
486 1377 548 1410 est,
574 1371 716 1413 polliceri
739 1370 904 1401 audemus.

216 1434 265 1466 Ne
291 1445 366 1466 vero
389 1434 545 1464 sententia
567 1438 672 1464 nostra
697 1433 829 1463 sinistrae
852 1433 1107 1474 interpretationi
1131 1434 1325 1466 occasionem
1343 1435 1500 1478 praebeat‚

173 1498 242 1529 haec
260 1497 323 1541 jam
344 1497 447 1528 fusius
469 1496 666 1539 explananda
695 1502 802 1527 erunt.
844 1496 988 1526 Dicimus
1015 1496 1139 1538 itaque,
1165 1497 1324 1528 excitandi
1345 1498 1500 1531 Platonici

173 1561 377 1591 scientiarum
395 1552 509 1591 amoris
524 1560 653 1591 nullum
669 1559 807 1591 inveniri
824 1558 966 1589 medium
984 1558 1088 1589 studio
1107 1558 1313 1590 Astronomiae
1330 1560 1498 1593 efficacius.

174 1623 274 1666 Cujus
294 1623 423 1666 quidem
444 1623 551 1654 asserti
569 1623 735 1656 veritatem
754 1627 792 1653 ut
807 1621 928 1652 idoneis
946 1623 1141 1664 argumentis
1160 1622 1375 1664 adstruamus,
1396 1625 1499 1667 primo

173 1688 260 1718 notio
285 1686 440 1717 Platonici
461 1687 664 1717 scientiarum
686 1686 801 1717 amoris
819 1697 894 1716 cum
916 1685 1045 1716 notione
1063 1685 1271 1717 Astronomiae
1289 1687 1499 1729 comparanda

174 1749 248 1789 erit,
272 1760 307 1780 ac
323 1748 437 1780 deinde
460 1749 708 1788 ostendendum,
730 1748 889 1791 quomodo
911 1749 1053 1781 studium
1070 1749 1277 1781 Astronomiae
1297 1751 1499 1782 tractandum

174 1813 229 1851 sit,
254 1817 292 1843 ut
310 1812 386 1843 huic
411 1812 541 1843 consilio
564 1813 761 1856 respondeat.

217 1875 419 1906 Platonicum
444 1876 647 1907 scientiarum
670 1888 811 1908 amorem
835 1888 930 1920 supra
954 1876 1092 1909 vidimus
1116 1887 1182 1908 esse
1203 1877 1309 1908 nisum
1330 1876 1369 1907 ad
1393 1877 1500 1907 inves-

176 1939 361 1981 tigationem
382 1944 414 1968 et
437 1939 735 1981 contemplationem
759 1951 867 1972 rerum
889 1939 977 1972 nulla
998 1939 1080 1971 lucri
1098 1940 1150 1971 vel
1170 1939 1323 1970 mercedis
1342 1949 1397 1981 spe
1418 1938 1501 1969 duc-

177 2007 259 2034 tum.
278 2001 510 2034 Astronomiam
530 2013 605 2036 vero
625 2003 788 2035 scientiam
810 2003 951 2036 universi
971 2013 1119 2037 vocamus
1140 2007 1318 2035 versantem
1337 2001 1372 2032 in
1393 2002 1500 2034 inves-
