1809 2469
768 198 882 242 (19)

147 295 321 330 dummodo
347 293 434 325 illius
466 290 624 324 exercitiis
653 293 725 330 apta
761 286 834 316 siut.
889 283 972 321 Quae
1001 293 1075 313 cum
1106 283 1149 312 ita
1185 283 1268 321 sint,
1295 281 1375 321 Vos,
1415 280 1485 312 Viri

149 359 361 398 Nobilissimi,
385 367 443 400 per
463 360 603 388 vestrum
624 351 779 382 honorem
804 359 840 379 ac
861 346 1049 389 dignitatem
1063 370 1071 386 ,
1096 357 1153 389 per
1175 351 1292 377 nostrae
1319 345 1487 377 academiae

150 425 303 463 salutem,
327 432 385 465 per
413 417 512 462 hujus
536 414 624 447 urbis
649 413 800 456 gloriam,
831 422 888 454 per
910 411 1030 443 civium
1057 410 1144 441 illius
1166 409 1330 441 commoda
1360 409 1487 441 obsecro

152 496 249 532 atque
275 486 426 523 obtestor,
455 487 493 513 ut
513 480 602 523 operi
625 484 728 510 vestro
751 475 933 508 coronidem
954 474 1125 517 imponatis
1145 472 1323 517 adjiciendo
1347 473 1486 515 splendi-

154 553 280 585 dissimo
303 549 381 580 huic
401 545 522 589 templo
544 544 709 576 Musarum
728 542 866 573 Uranies
891 539 1043 571 sacellum
1066 538 1152 569 illius
1172 538 1267 569 sacris
1285 537 1439 569 idoneum
1455 544 1491 569 ut

153 623 191 649 ut
218 620 324 646 cetera
349 610 473 643 humile
499 615 531 641 et
557 608 725 651 exiguum.
767 605 903 647 Flagitat
929 603 990 634 hoc
1018 602 1193 645 gravissimi
1225 601 1369 632 muneris
1396 602 1491 632 vestri

153 679 270 716 honos,
294 682 333 708 ut
352 674 505 718 reparetis
526 671 681 703 damnum
700 669 833 701 admisso
853 669 912 699 isto
934 667 1063 698 defectu
1082 664 1267 708 reipublicae
1285 670 1399 696 nostrae
1419 665 1495 696 lite-

155 743 246 775 rariae
269 739 447 778 inflictum,
477 737 598 779 flagitat
620 735 681 766 hoc
706 733 876 765 academiae
901 736 1015 762 nostrae
1041 729 1146 770 salus,
1173 730 1294 772 quippe
1316 740 1412 772 quam
1439 729 1495 760 diu

155 806 209 838 hic
234 803 379 835 defectus
398 800 557 838 subsistit,
582 797 751 829 fatendum
774 801 838 834 est,
865 794 912 825 illi
935 793 1136 836 praecipuum
1155 793 1364 823 humanitatis
1387 792 1496 823 cibum

157 869 281 907 deesse,
305 864 460 908 quamdiu
475 863 528 894 hic
543 861 689 892 defectus
704 859 862 897 subsistit,
883 857 1051 888 fatendum
1073 862 1134 896 est,
1153 867 1209 887 nos
1229 855 1347 886 habere
1363 855 1495 898 quidem

157 930 343 973 congeriem
376 927 499 970 aliquot
525 926 716 957 scholarum
745 925 963 966 specialium,
993 922 1184 965 neutiquam
1210 932 1286 954 vero
1311 921 1497 952 studiorum

157 992 420 1024 universitatem.
456 989 553 1020 Recte
585 988 670 1020 enim
702 988 813 1019 Cicero
839 988 902 1018 ait:
941 998 959 1017 ((
976 997 1016 1018 an
1041 992 1078 1017 tu
1101 985 1282 1024 existimas,
1315 996 1390 1016 cum
1417 991 1498 1016 esset

159 1067 178 1088 ›)
196 1056 425 1097 Hippocrates
443 1053 498 1085 ille
519 1053 625 1091 Cous,
648 1052 746 1084 Fuisse
766 1058 836 1084 tum
853 1051 929 1083 alios
947 1050 1102 1090 medicos,
1123 1050 1179 1093 qui
1196 1048 1329 1089 morbis,
1351 1049 1428 1080 alios
1443 1050 1499 1092 qui

159 1131 179 1152 >z
197 1118 400 1157 vulneribus,
436 1117 512 1149 alios
538 1118 594 1160 qui
620 1116 721 1148 oculis
744 1114 981 1148 mederentur?
1012 1126 1093 1146 num
1117 1113 1325 1157 geometriam
1356 1113 1501 1144 Euclide

113 1167 118 1170 Ι
160 1195 180 1216 :o
195 1189 228 1215 et
248 1181 477 1217 Archimede,
508 1192 589 1212 num
614 1182 770 1212 musicam
793 1181 949 1212 Damone
971 1183 1028 1209 aut
1054 1178 1288 1214 Aristoxeno,
1315 1187 1395 1207 num
1420 1177 1503 1219 ipsas

161 1257 180 1277 >³
195 1245 318 1284 literas,
346 1244 586 1285 Aristophane
609 1249 642 1274 et
669 1243 878 1275 Callimacho
903 1246 1078 1280 tractante,
1104 1246 1170 1271 tam
1191 1239 1363 1282 discerptas
1385 1239 1501 1279 fuisse,

160 1320 180 1340 >2
194 1313 233 1340 ut
254 1318 347 1338 nemo
366 1317 475 1349 genus
503 1307 694 1337 universum
721 1307 1007 1347 complecteretur,
1040 1310 1136 1347 atque
1161 1309 1200 1335 ut
1224 1303 1305 1335 alius
1329 1303 1423 1334 aliam
1442 1303 1502 1334 sibi

161 1384 180 1403 »
196 1376 320 1414 partem
333 1394 342 1410 ,
362 1371 396 1401 in
421 1381 485 1413 qua
506 1369 713 1410 elaboraret,·
730 1369 925 1413 seponeret?
939 1368 957 1382 ’'

204 1435 256 1466 Sic
278 1434 436 1465 Romanos
460 1444 591 1477 quoque
614 1433 859 1466 universitatem
885 1431 1087 1471 studiorum,
1119 1431 1178 1462 etsi
1199 1441 1265 1462 non
1289 1431 1441 1471 nomine,
1468 1441 1504 1462 re

162 1504 249 1530 certe
270 1497 437 1537 habuisse,
463 1508 502 1529 ex
525 1498 563 1529 iis
587 1497 710 1538 elucet,
736 1509 808 1541 quae
830 1503 941 1529 auctor
961 1496 1132 1540 praedictus
1155 1494 1265 1538 adjicit
1287 1496 1332 1526 sic
1352 1506 1505 1538 pergens,

162 1573 181 1593 ((
197 1561 326 1593 Nostros
345 1572 474 1604 quoque
493 1561 651 1602 homines,
674 1563 731 1605 qui
746 1561 904 1593 excellere
919 1560 1081 1604 sapientiae
1100 1559 1199 1603 gloria
1216 1559 1354 1598 vellent,
1371 1560 1502 1596 omnia,

163 1637 182 1656 )›
199 1636 276 1668 quae
300 1625 436 1667 quidem
461 1630 531 1656 tum
554 1625 626 1656 hoec
649 1627 772 1657 civitas
797 1631 927 1662 nosset,
955 1624 1061 1656 solitos
1082 1629 1148 1655 esse
1169 1623 1342 1664 complecti
1364 1621 1505 1653 audivi.''

207 1689 346 1732 Flagitat
367 1688 428 1720 hoc
452 1700 547 1732 porro
572 1688 672 1734 hujus
699 1689 787 1721 urbis
811 1688 930 1732 gloria,
960 1693 1072 1730 utpote
1103 1698 1176 1730 quae
1202 1698 1314 1717 earum
1340 1686 1506 1726 omnium,

165 1763 244 1795 quas
268 1753 495 1796 Angustissimi
516 1753 611 1796 Regis
636 1753 806 1785 elementia
828 1752 917 1784 sedes
941 1752 1177 1783 academiarum
1201 1750 1299 1790 fecit,
1326 1750 1422 1782 unica
1443 1755 1504 1789 est,

166 1827 238 1859 quae
266 1822 363 1859 portu
389 1828 496 1860 nuper
524 1823 639 1858 aucta,
671 1818 880 1849 Astronomiae
910 1816 1062 1860 praesidiis
1090 1815 1258 1859 indigens,
1293 1814 1332 1846 de
1358 1814 1445 1845 illius
1473 1815 1506 1846 vi

167 1884 264 1922 atque
290 1890 352 1911 usu
372 1880 406 1911 in
429 1881 517 1911 omni
541 1891 575 1912 re
598 1882 727 1913 nautica
753 1893 884 1925 aequum
910 1881 995 1913 ferre
1021 1880 1179 1926 judicium
1207 1879 1320 1923 possit,
1349 1889 1506 1921 quaeque,

167 1942 194 1973 si
217 1941 364 1983 cultum,
393 1943 542 1976 omnibus
573 1944 706 1988 reliquis
738 1945 912 1989 disciplinis
945 1944 1100 1988 bonisque
1131 1942 1253 1975 artibus
1287 1947 1506 1973 consecratum

167 2006 336 2049 respicias,
360 2018 402 2039 ne
422 2008 482 2051 ipsi
507 2008 640 2052 quidem
665 2009 732 2042 sedi
756 2010 870 2054 regiae,
892 2010 924 2042 in
947 2020 1011 2053 qua
1033 2018 1156 2052 nuper,
1180 2005 1270 2039 nulla
1290 2004 1386 2037 simili
1411 2015 1505 2036 causa
