1809 2469
908 208 1020 251 (56)

351 289 406 319 His
422 288 464 318 ita
476 285 595 317 effectis
609 283 667 315 sub
682 284 776 314 finem
798 283 912 314 mensis
933 282 1067 325 Augusti
1084 281 1226 325 ejusdem
1245 283 1319 313 anni
1335 282 1373 314 ad
1392 294 1447 314 nos
1465 283 1623 326 perlatum

307 349 372 381 est,
396 339 550 382 nobisque
571 338 725 380 primam,
753 346 887 378 eamque
910 335 1038 366 omniuo
1065 336 1243 377 egregiam,
1271 347 1399 378 operam
1425 339 1568 379 praestitit
1591 339 1624 370 in

307 393 498 427 observanda
519 391 627 434 eclipsi
647 390 739 422 solari
762 389 794 420 d.
815 389 874 419 VII
895 388 1087 431 Septembris
1107 387 1248 431 ejusdem
1272 389 1347 419 anni
1367 389 1537 429 celebrata,
1558 402 1623 422 non

306 460 371 480 uno
395 447 524 478 nomine
548 442 760 475 memoranda.

350 502 442 532 Prius
456 501 579 542 itaque,
604 508 699 540 quarn
721 496 758 527 ad
781 494 877 537 hujus
891 495 1093 525 instrumenti
1111 495 1378 526 constructionem
1393 495 1624 537 explanandam

306 553 563 596 progrediamur,
589 550 652 581 duo
675 548 764 580 nobis
785 547 940 578 monenda
966 558 1030 578 esse
1055 547 1292 586 existimamus3
1323 548 1462 588 primum
1487 547 1624 587 scilicet,

306 607 440 649 egregiis
460 605 545 636 illius
566 601 748 634 auctoribus
773 601 967 642 propositum
991 600 1105 637 fuisse,
1131 600 1164 630 in
1188 611 1252 630 uno
1273 600 1361 642 quasi
1381 611 1510 642 corpore
1533 600 1625 631 unire

307 660 412 690 omnia
437 657 603 699 telescopia
637 654 880 694 catadiopm'ca
915 658 993 682 tunc
1025 653 1174 693 temporis
1207 652 1280 693 ipsis
1315 653 1457 694 cognita3
1489 652 1625 683 alterum

307 723 399 750 vero,
424 711 528 741 omnia
544 709 612 740 haec
632 707 814 748 telescopia,
835 705 898 748 jam
914 705 1063 746 deinceps
1085 703 1317 742 enumeranda,
1343 704 1446 746 quoad
1467 706 1624 735 internam

306 763 508 806 speculorum
536 762 755 802 vitrorumque
779 759 1014 788 adornationem
1029 780 1037 795 ,
1062 758 1191 798 praecise
1217 758 1259 787 ita
1284 767 1349 787 esse
1373 763 1551 787 constructa
1576 758 1625 788 uti

306 817 339 845 in
360 815 497 846 sectione
522 811 713 855 praecedenti
734 811 888 852 descripta
908 816 939 840 et
960 810 992 839 in
1018 810 1127 851 figuris
1146 809 1193 839 illi
1214 808 1371 852 adjunctis
1390 809 1546 840 delineata
1567 821 1625 840 ex-

304 867 469 898 hibentur.

349 921 405 950 His
429 921 527 962 igitur
551 917 718 959 suppositis
746 915 836 946 facile
862 916 923 945 erit
949 914 1147 956 intelligere,
1183 919 1288 944 nostro
1315 913 1503 956 telescopio,
1534 913 1626 957 cnjus

305 974 475 1004 iconismus
494 970 571 1002 Tab.
592 971 646 1000 ΙΠΠλ
666 970 869 1011 exprimitur,
888 969 1031 1010 quinque
1046 967 1113 998 haec
1134 967 1300 1009 telescopia
1317 967 1488 1007 contineri,
1507 967 1627 998 scilicet

436 1033 478 1075 a)
501 1033 538 1063 T.
568 1031 807 1073 Gregorianum
831 1029 953 1071 majus.
978 1029 1055 1060 Tab.
1080 1030 1133 1059 III.
1158 1030 1210 1071 fig.
1236 1029 1268 1060 6.

438 1085 480 1127 b)
501 1102 544 1109 —
567 1084 823 1115 Newtoniarmm
851 1100 893 1106 —
926 1101 969 1106 -
1000 1100 1043 1106 ...-
1074 1100 1118 1106 -.
1160 1083 1211 1124 fig,
1238 1083 1268 1115 7,

435 1139 478 1179 c)
500 1156 543 1162 —-
571 1137 888 1178 Cassegrainicmzcm
923 1153 967 1160 —
998 1153 1041 1159 -—
1074 1153 1118 1159 -—
1159 1135 1211 1176 fig.
1237 1135 1268 1164 8.

434 1190 543 1232 (1)-
566 1189 793 1220 Heveliatzum
843 1206 887 1212 —
922 1205 965 1211 —
997 1205 1040 1210 —-
1073 1205 1116 1210 -—-
1158 1187 1210 1227 fig.
1235 1185 1266 1224 4.

438 1243 477 1283 e)
500 1259 542 1265 —
570 1241 808 1283 Gregoriatmzu
839 1241 959 1270 minus.
995 1258 1037 1263 --
1072 1258 1114 1263 ——
1155 1239 1206 1281 fig.
1234 1238 1265 1269 6.
1290 1237 1516 1280 perfectissima
1537 1238 1626 1269 simi—

302 1295 437 1326 litudine
464 1294 588 1337 majoris
613 1294 702 1336 quasi
726 1292 864 1323 sobolem
889 1292 1041 1323 referens.

346 1358 467 1388 Horum
488 1362 644 1399 postrema
665 1355 728 1386 duo
748 1366 785 1385 eo
806 1354 934 1385 consilio
955 1354 1059 1384 addita
1080 1359 1171 1391 sunt,
1192 1358 1229 1384 ut
1249 1353 1332 1385 vices
1346 1358 1497 1394 praestent
1517 1353 1626 1384 tubali

303 1409 535 1449 exploratorii,
570 1408 625 1450 qui
650 1407 859 1449 Francogallis
883 1407 1000 1438 dicitur
1033 1406 1231 1442 Chercheur,
1268 1405 1452 1441 Troaveur,
1493 1405 1623 1442 Guicle,

303 1468 335 1492 et
352 1472 434 1503 qno,
461 1460 632 1491 dummodo
652 1459 736 1490 illius
761 1460 826 1490 axis
848 1460 1007 1502 telescopii
1033 1460 1083 1490 axi
1108 1460 1147 1489 sit
1166 1458 1349 1501 parallelus,
1377 1459 1509 1489 mirifice
1532 1457 1626 1501 juva-

303 1521 355 1545 tur
378 1513 475 1556 hujus
496 1513 625 1543 directio
650 1512 689 1543 ad
712 1511 872 1555 objectum
897 1512 1155 1543 determinatum.
1187 1512 1228 1541 Et
1252 1511 1287 1541 in
1308 1511 1423 1542 horum
1445 1510 1626 1553 explorato—

302 1577 374 1597 rum
397 1565 523 1596 delectu
550 1571 645 1607 atque
669 1565 871 1606 dispositione
894 1576 957 1595 non
980 1566 1101 1603 minus,
1128 1575 1222 1606 quam
1246 1565 1279 1594 in
1301 1564 1397 1594 totius
1421 1564 1625 1595 instrumenti

303 1620 548 1661 compositione,
573 1617 772 1659 praedicanda
799 1624 844 1647 est
863 1619 1021 1648 artificum
1046 1619 1195 1658 sagacitas
1215 1617 1320 1646 omnia
1353 1617 1624 1659 circumspiciens,

303 1683 363 1714 qua
384 1671 535 1702 effectum
556 1670 635 1708 fuit,
654 1676 690 1700 ut
711 1670 839 1708 oculus,
861 1671 925 1701 sive
946 1670 1150 1711 Gregoriczno
1165 1669 1231 1701 sive
1246 1669 1466 1699 Newtoniano
1491 1668 1625 1699 telesco-

304 1725 356 1766 pio
384 1725 431 1754 uti
452 1723 604 1763 velimus,
625 1723 702 1754 dum
723 1723 837 1754 tubulo
862 1723 1071 1765 exploratorio
1096 1721 1134 1752 ad
1153 1721 1376 1763 telescopium,
1399 1727 1454 1752 aut
1470 1721 1623 1760 vicissim,

303 1777 432 1815 transit,
457 1776 552 1806 situm
573 1786 667 1806 suum
689 1781 812 1809 mutare
839 1787 902 1806 non
925 1787 1005 1818 opus
1024 1775 1158 1813 habeat,
1188 1774 1272 1817 quod
1300 1780 1385 1805 certe
1405 1775 1542 1805 maximo
1567 1774 1625 1805 ad-

302 1828 446 1871 jumento
472 1833 517 1858 est
538 1826 727 1859 observaturi
752 1828 974 1869 frequentibus
1000 1826 1269 1859 observationibus
1293 1828 1425 1857 intento.

347 1881 461 1910 Omnia
484 1880 621 1921 denique
644 1880 711 1910 baec
727 1880 892 1922 telescopia
917 1881 958 1911 ita
975 1887 1050 1911 sunt
1065 1879 1212 1911 omnibus
1236 1880 1378 1910 numeris
1400 1879 1560 1917 absoluta,
1587 1884 1624 1909 ut

304 1933 386 1964 nulli
411 1932 565 1963 desiderio
595 1932 701 1962 locum
737 1932 928 1975 relinquant.
968 1934 1134 1975 Praecipue
1157 1944 1231 1964 vero
1255 1933 1288 1962 in
1314 1931 1505 1974 imaginibus
1533 1943 1549 1961 a
1575 1937 1625 1962 te-

302 1986 436 2028 lescopio
464 1986 683 2016 Newconicmo
720 1986 861 2016 formatis
888 1992 951 2017 tam
979 1986 1134 2028 stupenda
1161 1991 1208 2016 est
1238 1984 1384 2023 claritas,
1419 1985 1560 2026 praecisio
1592 1990 1624 2014 et
