1809 2469
926 262 1039 303 (28)

366 338 558 379 Operatione
576 336 734 379 aliquibus
757 336 839 366 horis
860 341 1003 378 peracta,
1026 334 1178 366 Columba
1197 346 1305 366 somno
1326 335 1420 377 pleno
1439 341 1471 366 et
1485 335 1644 377 profundo

323 390 508 432 corripitur,
535 395 567 420 et
587 389 664 421 dum
692 400 749 431 per
771 389 849 419 semi
870 388 981 419 horam
1001 388 1035 418 in
1056 388 1111 419 illo
1131 394 1215 419 statu
1244 389 1410 428 remansit,
1435 389 1645 419 irritationem

323 444 351 474 ei
373 442 476 473 subito
495 442 607 481 intuli,
629 448 660 473 et
683 443 770 484 quasi
793 454 867 472 cum
890 448 1010 473 terrore
1034 443 1256 485 expergefacta
1280 448 1342 481 est3
1369 442 1422 473 sed
1447 443 1499 474 vix
1525 453 1562 473 ex
1589 453 1646 473 suo

323 508 432 527 somno
447 497 593 526 suscitata
611 502 693 534 erat,
714 498 792 537 quin
809 495 871 538 jam
890 495 1008 526 iterum
1029 496 1062 525 in
1080 495 1277 537 profundum
1297 495 1389 526 illum
1405 506 1546 537 soporem
1565 496 1648 525 inci-

324 550 423 580 deret.
450 550 523 580 Post
544 549 664 591 aliquas
684 549 775 579 boras
797 548 835 578 ab
856 547 968 578 effecta
989 548 1186 589 operatione,
1215 548 1292 579 huic
1316 547 1478 579 Columbae
1499 548 1648 579 artificia-

323 602 396 632 liter
417 603 652 632 nutrimentum
675 601 813 642 pra‘bui,
838 601 949 642 Itaque
974 605 1111 631 rostrum
1133 599 1201 642 ejus
1222 601 1349 643 aperui,
1372 607 1404 632 et
1423 600 1648 639 substantiam,

325 655 390 696 qud
411 654 527 684 nutriri
548 653 682 691 solebat,
704 654 738 684 in
758 653 838 684 illud
857 653 1036 693 introduxi,
1060 664 1156 696 quam
1177 655 1281 685 statim
1304 655 1509 697 deglutiebat.
1532 654 1650 686 Subse-

325 712 444 748 queute
461 706 511 736 die
526 706 643 736 animal
662 706 767 737 adhuc
788 707 904 737 eratin
920 706 1080 749 profundo
1100 718 1209 737 somno
1231 707 1409 749 sepultum,
1434 708 1510 739 dum
1529 719 1546 739 e
1562 708 1651 750 gravi

325 759 378 790 illo
394 770 504 801 sopore
521 758 760 801 egrediebatur,
776 771 885 791 omnes
903 760 1018 802 agendi
1034 759 1154 799 modos,
1172 771 1268 802 quos,
1291 760 1408 791 animal
1423 771 1651 803 expergescens

327 812 472 851 denotat,
493 811 722 854 exequebatur.
750 812 839 843 Hanc
863 812 1050 844 Columbam
1071 813 1217 855 pluribus
1237 813 1359 845 vicibus
1379 813 1448 844 cibo
1471 814 1594 856 privavi
1621 819 1653 844 et

327 871 396 896 tum
415 868 443 896 ei
464 866 699 896 nutrimentum
721 865 839 905 obtuli3
862 865 921 896 sub
942 865 1071 897 naribus
1092 865 1160 909 ejus
1181 868 1263 908 pisa,
1288 868 1408 897 semina
1428 867 1578 910 polygoni
1604 866 1654 897 fa-

328 920 457 961 gopyri,
484 919 705 958 frumentum,
736 925 768 950 et
796 919 870 950 alias
898 918 1106 958 substantias,
1132 930 1204 961 quae
1231 919 1329 962 vulgo
1359 919 1426 962 ejus
1455 920 1653 950 nutrimento

327 973 479 1002 inservire
500 972 617 1011 solent,
639 972 786 1010 submisi,
811 971 865 1003 sed
883 971 938 1002 illa
962 983 1121 1003 assumere
1143 971 1263 1012 noluit3
1285 977 1423 1003 rostrum
1444 973 1539 1003 etiam
1563 983 1654 1014 aquae

328 1026 470 1056 immersi
492 1026 545 1056 sed
565 1025 674 1056 bibere
694 1025 832 1056 nolebat.
859 1024 982 1055 Deinde
1004 1025 1038 1055 in
1057 1035 1172 1067 aggere
1191 1024 1348 1055 frumenti
1368 1025 1454 1055 illam
1474 1026 1582 1067 posui,
1600 1025 1654 1055 sed

329 1090 371 1109 ne
392 1079 561 1109 minimum
588 1078 718 1120 quidem
746 1090 882 1120 granum
903 1089 1062 1109 assumere
1087 1078 1203 1117 voluit,
1231 1084 1327 1120 atque
1352 1078 1464 1120 procul
1486 1079 1582 1110 dubio
1611 1078 1655 1110 ibi

329 1132 442 1163 fuisset
458 1138 599 1170 mortua,
618 1133 678 1162 nisi
694 1133 760 1174 ipse
777 1132 1014 1163 nutrimentum
1028 1131 1057 1161 ei
1072 1131 1286 1172 praebuissem.
1307 1130 1472 1161 Artificiali
1488 1131 1548 1162 hoc
1564 1131 1656 1163 modo

330 1185 436 1216 adhuc
457 1185 551 1215 hodie
571 1185 657 1215 illam
678 1186 806 1224 nutrio,
831 1191 925 1228 atque
944 1186 1043 1217 vitam
1064 1184 1259 1215 sanissimam
1280 1184 1369 1216 vivit.
1401 1185 1488 1215 Dum
1509 1184 1657 1216 obstacu—

332 1238 398 1269 lum
420 1238 578 1280 quoddam
598 1237 744 1277 offendit,
761 1237 841 1269 illud
860 1238 961 1270 vitare
981 1249 1046 1268 non
1064 1243 1167 1280 potest
1184 1244 1215 1269 et
1232 1238 1265 1269 in
1285 1238 1391 1280 ipsum
1407 1248 1531 1280 semper
1546 1239 1659 1269 incur-

331 1292 389 1330 rit,
412 1291 466 1322 sed
490 1291 558 1322 haec
580 1292 742 1322 concussio
764 1293 867 1333 quatit
889 1291 991 1330 illam,
1011 1297 1108 1333 atque
1127 1292 1230 1321 statim
1253 1297 1405 1322 moratur.

377 1345 480 1386 Igitur
509 1344 628 1374 animal
656 1345 720 1375 suis
751 1343 829 1374 lobis
859 1343 1023 1383 orbatum,
1059 1344 1204 1386 privatur
1232 1345 1328 1375 etiam
1358 1345 1444 1383 visu,
1475 1344 1569 1375 simul
1599 1356 1660 1376 au-

334 1398 438 1428 ditum
452 1421 460 1437 ,
493 1397 679 1437 odoratum,
713 1403 873 1440 gustatum
906 1403 939 1428 et
966 1399 1176 1428 sensationem
1205 1397 1330 1428 amittit.
1370 1397 1519 1428 Attamen
1551 1397 1661 1428 nullus

333 1450 449 1482 horum
466 1461 635 1490 sensuum,
650 1450 705 1482 sed
723 1457 761 1482 ut
777 1451 892 1482 melius
908 1450 1037 1494 loquar,
1057 1451 1185 1482 nullum
1200 1461 1352 1482 sensuum
1369 1462 1524 1493 organum
1540 1451 1659 1482 directe

334 1504 400 1535 fuit
420 1504 540 1535 laesum.
573 1504 668 1535 Oculi
687 1505 773 1536 enim
796 1506 882 1536 omni
902 1505 958 1536 sua
979 1505 1198 1548 pelluciditate
1220 1504 1376 1547 gaudent,
1402 1510 1435 1535 et
1459 1505 1513 1535 iris
1537 1504 1661 1536 mobilis

336 1563 491 1588 remanet.

381 1610 459 1641 Lobi
478 1622 553 1653 ergo
575 1610 750 1642 cerebrales
769 1611 865 1643 unica
883 1617 959 1643 sunt
977 1610 1179 1654 receptacula
1201 1610 1256 1642 ubi
1277 1612 1468 1643 sensationes
1488 1617 1521 1643 et
1539 1611 1662 1643 intelli-

338 1665 443 1707 gentia
462 1664 600 1695 residere
622 1664 784 1698 videntur.

383 1719 420 1761 1.ss
444 1718 597 1749 Columba
618 1730 635 1749 a
657 1718 800 1761 partibus
823 1719 935 1750 vicinis
960 1719 1106 1750 cranium
1129 1718 1290 1751 denudavi
1310 1724 1341 1749 et
1361 1717 1450 1749 binos
1467 1717 1552 1749 lobos
1573 1729 1663 1749 cere-

339 1770 441 1801 hrales
462 1771 584 1809 detexi,
608 1772 723 1802 deinde
745 1773 928 1804 successivis
948 1773 1067 1811 stratis,
1095 1772 1209 1802 sensim
1231 1782 1339 1802 omnes
1363 1776 1483 1813 partes,
1509 1771 1663 1812 posterio-

341 1835 405 1863 res,
428 1824 617 1863 anteriores,
639 1830 736 1867 atque
754 1825 931 1867 superiores
949 1825 1075 1856 abstuli.
1097 1824 1143 1855 Ea
1161 1825 1298 1863 ratione,
1323 1824 1387 1865 qua
1407 1829 1539 1854 stratum
1560 1834 1662 1854 unum

342 1877 542 1917 auferebam,
572 1878 658 1910 visus
686 1879 800 1909 sensim
826 1879 1006 1921 sensimque
1033 1878 1072 1909 de
1096 1877 1153 1909 sua
1176 1877 1303 1919 energia
1332 1876 1453 1918 aliquid
1479 1875 1662 1916 amittebat3

342 1938 438 1974 atque
463 1932 540 1963 dum
561 1931 679 1963 animal
700 1931 782 1964 nihil
808 1932 944 1974 amplius
963 1938 1019 1963 aut
1041 1932 1219 1963 discernere
1239 1936 1294 1962 aut
1314 1930 1423 1962 videre
1444 1935 1580 1972 poterat,
1606 1929 1664 1960 ab-

343 1986 445 2017 solute
464 1986 499 2016 in
517 1985 629 2017 eodem
650 1997 725 2017 casu
744 1991 812 2017 erat
830 1996 927 2029 quam
947 1984 1115 2025 Columba,
1137 1984 1189 2015 cui
1209 1983 1276 2014 bini
1295 1982 1359 2014 lobi
1378 1982 1515 2013 totaliter
1535 1982 1664 2014 fuerant

344 2038 450 2070 ablati.
