1809 2469
911 241 921 282 (
947 241 989 281 42
1012 241 1023 282 )

302 320 389 363 pata,
407 319 558 361 repletur.
580 316 839 358 Trito-gallatum
857 314 933 344 ferri
949 325 1008 356 ope
1023 314 1214 356 pyrofistulae
1229 315 1261 345 in
1277 315 1428 357 quasdam
1447 316 1625 348 Orchiduin

301 374 420 416 stipites
442 371 645 408 immisimus,
667 374 699 399 et
717 368 821 410 liquor
836 368 943 409 nigrer
963 368 1132 398 transmitti
1147 379 1212 399 non
1231 374 1354 411 poterat
1370 369 1452 401 ultra
1475 370 1626 402 ultimum

301 426 470 468 superioris
488 424 562 454 nodi
578 423 707 461 folium,
730 421 785 452 ubi
802 420 910 451 revera
930 419 1068 451 medulla
1088 420 1192 452 adhuc
1213 420 1362 452 haerebat.
1385 422 1431 453 Ex
1451 422 1505 454 illa
1526 434 1625 466 expe-

301 481 413 511 rientia
438 484 558 509 constat
578 476 692 507 tubum
715 485 816 516 usque
836 473 874 504 ad
895 473 994 504 caulis
1018 473 1180 516 fastigium
1205 485 1279 505 cum
1300 474 1425 517 fastigio
1445 477 1510 507 axis
1531 476 1626 508 inflo-

302 533 462 564 rescentiae
485 530 691 574 conjunctum
716 539 779 559 non
804 527 943 558 extendi.
971 527 1113 569 Sequens
1134 539 1208 559 vero
1233 529 1490 570 experimentum
1515 529 1626 571 probat

300 587 333 617 in
360 586 412 616 illa
446 586 579 615 cavitate
609 582 743 613 fluidum
774 580 935 623 quoddam
966 580 1134 610 aerisorme
1160 581 1332 611 contineri:
1362 582 1387 611 si
1410 581 1514 612 subito
1538 583 1624 613 enim

300 639 424 670 caulem
445 638 572 679 obliquo
594 636 702 673 modo,
725 646 784 676 ope
806 633 999 676 pyrofistulae
1022 633 1177 675 liquorem
1200 635 1389 665 continentis
1408 634 1571 676 perfodas,
1593 641 1625 666 et

299 694 332 724 in
363 692 477 723 tubum
508 691 664 732 liquorem
692 688 840 718 insuflare
868 688 1008 725 conaris,
1042 687 1206 716 conamina
1236 697 1315 717 vana
1343 693 1375 717 et
1399 687 1505 718 inania
1530 688 1621 718 fient:

299 745 457 788 liquidum
479 755 541 773 non
564 747 725 784 penetrat,
747 740 889 771 obstante
914 739 1010 770 [luido
1030 739 1190 770 aeriformi
1216 750 1403 781 compresso.

343 798 389 828 Ex
409 797 469 827 hoc
488 796 587 833 facto,
610 793 744 825 fluidum
767 793 935 824 aeriforme
953 793 986 823 in
1005 791 1074 823 tubi
1091 793 1224 824 cavitate
1240 792 1345 823 adesse
1361 793 1474 823 merito
1493 792 1626 824 conclu-

299 852 421 889 dimus3
438 849 623 892 adjiciemus
644 847 766 877 nullam
785 847 1105 878 communicationem
1124 846 1276 877 directam
1292 857 1365 877 cum
1383 847 1454 877 aere
1470 847 1626 878 exteriore

299 904 448 935 existere:
465 903 497 932 in
514 901 671 932 contrario
689 901 774 931 enim
793 912 883 940 casu,
905 900 1040 932 fluidum
1060 899 1228 931 aeriforme
1243 898 1462 930 insufflationis
1478 900 1509 932 vi
1525 899 1626 931 abiret

298 963 331 988 et
350 958 383 987 in
405 956 474 998 ejus
495 955 601 985 locum
624 954 809 984 succederet
828 953 943 995 liquor.

344 1011 392 1039 Ex
412 1008 542 1038 defectu
561 1007 684 1037 corticis
704 1007 831 1048 proprie
850 1017 894 1036 Slc
916 1005 991 1035 dicti
1010 1005 1044 1035 in
1066 1005 1156 1036 caule
1176 1005 1324 1036 Orchidis
1346 1004 1499 1036 herbacea
1517 1006 1626 1048 sequi-

301 1069 353 1094 tur
368 1060 585 1104 probabiliter,
604 1060 835 1102 vegetationem
855 1058 940 1101 ejus,
961 1059 1007 1089 uti
1028 1059 1061 1089 in
1081 1059 1265 1101 gramineiS,
1286 1058 1461 1100 simplicem
1481 1069 1546 1089 esse
1561 1059 1625 1101 (1),

299 1115 419 1146 scilicet
443 1114 582 1156 plantam
606 1111 803 1143 solummodo
824 1112 856 1141 in
878 1110 1079 1141 altitudinem
1101 1121 1241 1141 crescere
1262 1116 1294 1141 et
1314 1110 1478 1142 volumine
1499 1116 1624 1143 tantum

300 1169 332 1204 in
354 1179 390 1199 eo
414 1178 508 1198 sensu
529 1165 649 1207 augeri.
679 1165 827 1195 Attamen
849 1163 909 1194 hac
929 1162 968 1194 de
989 1174 1023 1194 re
1045 1162 1126 1194 nihil
1147 1169 1233 1194 certe
1255 1163 1410 1195 affirmare
1427 1162 1517 1194 nobis
1537 1163 1624 1195 licet.

656 1269 711 1298 De
730 1266 895 1309 foliorum
925 1267 1093 1297 structura
1124 1267 1266 1297 intertui.

887 1352 910 1395 g
954 1352 1036 1382 LVI.

343 1441 509 1472 Structura
531 1439 681 1471 foliorum
705 1438 879 1481 analogiam
906 1449 980 1470 cum
1005 1438 1164 1470 structura
1188 1449 1406 1481 squamarum,
1433 1438 1566 1470 tui-ionis
1592 1445 1624 1470 et

300 1494 397 1525 caulis
420 1493 550 1536 praehet.

343 1547 418 1577 Com
422 1552 587 1589 ponuntur
598 1546 684 1576 enim
697 1547 742 1575 10.
752 1545 942 1577 membranis
953 1546 1092 1577 externis
1100 1546 1166 1577 sive
1176 1545 1314 1577 cuticula
1323 1558 1331 1585 3
1340 1546 1386 1576 2⁰.
1394 1545 1620 1589 parenchymo.

343 1601 389 1630 1⁰.
414 1600 461 1630 De
488 1599 678 1630 membranis
705 1601 842 1630 externis
864 1600 929 1632 sive
954 1599 1105 1630 cuticula.
1132 1599 1211 1631 Duae
1238 1605 1465 1631 numerantur:
1491 1605 1622 1631 externa

298 1654 440 1695 superior
465 1659 496 1683 et
520 1659 650 1683 externa
671 1653 812 1684 inferior.

342 1706 367 1747 †
391 1705 574 1736 Membrana
601 1711 730 1736 externa
751 1707 894 1749 superior
915 1706 1131 1738 consideratur
1154 1712 1301 1749 respectu
1323 1712 1507 1745 structurae,
1535 1705 1621 1737 colo-

299 1759 427 1789 rationis
451 1765 482 1789 et
505 1770 589 1789 usus.

343 1825 373 1843 α.
399 1811 513 1849 Quoad
533 1818 740 1851 structuram,
766 1813 804 1843 ad
830 1813 1003 1845 cuticulam
1026 1814 1158 1855 integrae
1179 1812 1296 1855 plantae
1318 1812 1474 1851 refertum
1501 1812 1620 1842 etenim

297 1875 361 1894 non
377 1865 437 1894 nisi
453 1864 515 1895 tela
531 1864 673 1895 cellulari
689 1865 831 1908 elongata
849 1868 1050 1910 componitur
1067 1867 1171 1909 (Tab.
1185 1866 1262 1897 IV.
1273 1865 1339 1908 fig.
1354 1866 1405 1897 15.
1423 1866 1471 1907 a).
1490 1865 1620 1896 Cellulae

297 1917 515 1948 extenduntur
547 1919 645 1960 magis
675 1919 779 1950 adhuc
808 1920 918 1952 iisdem
949 1922 983 1951 in
1012 1921 1087 1952 locis
1113 1919 1170 1952 sub
1197 1919 1312 1962 quibus
1339 1931 1408 1951 vasa
1436 1920 1501 1951 sive
1528 1919 1618 1950 nervi

298 1970 505 2002 observantur
530 1971 638 2013 (Tab.
665 1973 741 2003 IV.
762 1974 825 2015 fig.
848 1976 898 2008 17.
927 1975 968 2005 hb
981 1975 1002 2016 ).

352 2085 396 2112 (ι)
415 2084 470 2107 Vid.
488 2083 587 2113 titii-het,
606 2085 689 2112 e'le'm.‚
708 2093 761 2115 pag.
782 2094 830 2109 122.
