1809 2469
765 233 777 276 (
801 234 839 274 41
865 235 877 277 >

158 308 192 339 in
208 307 326 339 alcoole
342 307 442 339 fuerit
461 318 567 350 passa,
584 313 621 339 ut
638 307 681 338 sic
696 306 821 338 facilius
837 306 986 350 majorem
1009 307 1158 340 duritiem
1178 311 1336 353 acquirat,
1356 311 1479 342 facilius

157 362 325 393 tractiones
350 361 416 403 pati
436 361 559 400 valeat,
584 366 618 391 et
644 371 660 390 a
686 365 778 390 textu
801 359 943 390 cellulari
969 361 1164 393 circumfuso
1191 363 1303 395 melius
1327 364 1477 395 solvatur.

156 414 194 445 Id
222 415 317 445 etiam
344 414 462 459 optime
485 413 641 451 succedit,
669 412 694 442 si
717 418 785 455 post
809 415 1052 447 macerationem
1077 416 1110 446 in
1136 416 1254 448 alcoole
1280 418 1417 449 medulla
1445 420 1479 449 in

156 467 245 498 acido
279 468 409 507 nitrico,
437 467 537 498 multa
565 466 648 508 aqua
676 466 793 505 diluto,
815 473 962 509 ponatur.
988 468 1108 499 Praevia
1132 469 1228 500 hacce
1250 472 1478 512 praeparatione

155 520 294 552 medulla
314 522 349 551 in
368 520 457 552 binos
475 518 608 563 majores
628 519 790 551 funiculos
810 520 954 551 laterales
976 521 1108 560 secedit,
1130 523 1186 564 qui
1207 534 1264 565 per
1284 523 1365 554 latus
1382 535 1478 554 suum

153 573 272 616 largius
295 573 353 604 sibi
372 572 564 615 respondent
584 579 617 603 et
637 574 778 614 contigui
799 580 888 605 sunt:
910 574 944 605 hi
965 574 1103 606 funiculi
1123 587 1180 617 per
1199 582 1322 607 textum
1344 576 1478 607 cellula-

153 637 220 657 rem
247 626 381 657 densum
415 625 586 656 admodum
616 631 648 656 et
674 625 873 657 lamellosum
902 627 986 658 inter
1015 638 1081 658 sese
1111 629 1289 668 uniuntur·⁷
1322 629 1478 671 aequalem

153 680 324 711 crassitiem
353 692 417 710 non
452 679 569 711 habent
599 691 656 722 per
683 686 779 711 totam
816 692 906 712 suam
938 680 1191 722 longitudinem,
1225 681 1278 712 sed
1314 682 1476 713 crassiores

152 744 295 772 sursum,
315 733 349 763 in
366 732 471 764 medio
490 734 667 772 tenuiores,
687 733 834 765 deorsum
853 735 971 765 iterum
987 734 1216 765 intumescunt.
1236 734 1370 765 Posthac
1386 735 1477 766 vide-

150 785 256 816 bimus
275 786 338 828 qua
356 786 477 816 ratione
497 785 565 816 haec
584 785 742 828 dispositio
756 785 863 817 locum
885 786 1009 818 habeat.
1032 787 1177 830 Quisque
1197 787 1326 818 illorum
1343 788 1476 820 funicu—

151 838 257 870 lorum
280 838 319 870 ad
345 838 460 870 faciem
484 850 574 870 suam
596 839 754 870 internam
777 839 902 871 sulcum
924 840 1032 879 offert,
1063 841 1119 883 qui
1143 852 1207 871 non
1233 841 1310 872 adeo
1334 841 1415 872 hene
1442 843 1476 872 in

150 893 232 924 facie
262 893 330 936 ejus
352 899 482 923 externa
504 898 634 924 notatus
656 899 716 932 est,
742 899 872 935 propter
897 894 1095 924 existentiam
1122 894 1317 925 membranae
1341 896 1477 937 propriae

150 945 315 984 medullae,
336 957 408 988 quae
430 946 522 977 illum
541 945 681 976 obducit.
709 947 778 988 Ope
799 952 965 989 protractae
987 948 1205 978 macerationis
1221 949 1364 990 apprime
1381 949 1474 980 hosce

148 1000 309 1030 funiculos
327 1000 361 1029 in
381 999 470 1029 binos
488 999 563 1029 alios
584 999 746 1029 funiculos
766 1000 984 1038 secundarios,
1006 1011 1110 1030 unum
1130 1001 1321 1031 anteriorem
1341 1008 1373 1032 et
1393 1001 1474 1032 alte-

147 1065 219 1084 rum
242 1053 445 1095 posteriorem
461 1051 642 1083 dividimus.
662 1052 765 1094 Igitur
779 1063 817 1082 ex
837 1051 1054 1083 observatione
1073 1057 1195 1082 certum
1218 1058 1250 1082 et
1266 1053 1472 1085 manifestum

147 1112 214 1145 est,
243 1105 416 1136 medullam
439 1104 591 1147 spinalem
622 1104 782 1135 efformari
806 1116 845 1135 ex
874 1111 1011 1147 quatuor
1038 1104 1192 1135 funiculis
1219 1106 1362 1145 nerveis,
1392 1105 1473 1137 binis

147 1159 357 1190 anterioribus
385 1164 418 1188 et
440 1157 522 1188 binis
545 1157 789 1199 posterioribus,
819 1158 875 1200 qui
900 1157 989 1188 nullo
1020 1168 1149 1200 prorsus
1178 1157 1271 1188 modo
1296 1158 1379 1189 inter
1404 1170 1471 1191 sese

146 1211 400 1250 communicant,
423 1210 483 1241 nisi
507 1210 702 1252 excipiamus
727 1216 850 1252 partem
871 1211 1066 1253 superiorem
1090 1210 1237 1241 binorum
1257 1212 1468 1252 anteriorum,

146 1264 203 1296 ubi
227 1264 425 1295 manifestam
453 1263 702 1295 decussationem
728 1264 812 1294 inter
836 1274 902 1294 sese
926 1265 1104 1306 patiuntur.
1142 1264 1190 1294 De
1215 1263 1269 1294 illo
1293 1265 1469 1298 intertextu

145 1329 238 1361 supra
254 1318 316 1361 jam
335 1317 434 1348 locuti
449 1327 569 1348 sumus.
591 1316 650 1347 Hic
665 1322 771 1347 tamen
791 1316 971 1348 addendum
991 1323 1051 1356 est,
1070 1316 1155 1359 quod
1171 1328 1280 1347 omnes
1295 1328 1468 1349 nervorum

146 1370 371 1403 vertebralium
399 1369 519 1401 radices
544 1370 715 1402 anteriores
741 1371 780 1402 ad
808 1371 970 1402 funiculos
999 1372 1171 1402 anteriores
1201 1370 1354 1410 tendant,
1389 1371 1468 1403 dum

143 1425 329 1468 posteriores
349 1424 389 1455 ad
409 1423 571 1455 funiculos
593 1424 779 1466 posteriores
800 1435 867 1455 sese
886 1424 1058 1456 conferunt
1076 1423 1163 1466 (vid.
1186 1423 1285 1454 tabul.
1297 1423 1319 1465 ).

186 1479 235 1510 Ex
254 1477 316 1509 illis
330 1488 401 1520 quae
418 1476 546 1521 jamjam
562 1478 767 1520 exposuimus
785 1477 824 1509 de
845 1477 1047 1520 dispositione
1063 1477 1283 1509 funiculorum
1300 1477 1465 1518 medullae⁷

142 1543 207 1563 non
230 1531 348 1573 absque
369 1530 476 1573 aliquo
499 1530 569 1575 jure
590 1531 745 1562 miramur
771 1531 1030 1570 similitudinem,
1056 1542 1127 1574 quae
1147 1531 1254 1561 existit
1275 1531 1359 1561 inter
1377 1531 1466 1562 illam

141 1591 175 1616 et
192 1591 319 1616 caeteros
337 1585 474 1626 corporis
493 1595 617 1617 nervos.
640 1585 680 1616 Et
696 1585 828 1628 quidem
847 1585 992 1617 eamdem
1010 1591 1204 1616 structuram
1224 1584 1332 1623 offert,
1354 1584 1466 1616 iisdem

141 1637 387 1682 proprietatibus
407 1638 540 1681 gaudet,
561 1644 657 1682 atque
675 1639 801 1671 eosdem
817 1651 893 1671 usus
908 1645 1003 1682 atque
1018 1638 1199 1670 functiones
1214 1638 1402 1680 exequitur,
1417 1638 1466 1669 uti

141 1692 256 1724 deinde
275 1691 402 1723 abunde
421 1691 635 1734 probabimus.
665 1693 712 1724 Ut
731 1694 952 1737 impressiones
973 1705 990 1724 a
1009 1692 1105 1724 rebus
1128 1691 1267 1723 externis
1292 1690 1332 1722 ad
1348 1702 1466 1734 organa

140 1751 246 1776 nostra
268 1745 354 1776 illata
375 1751 484 1776 centro
507 1745 659 1777 cerebrali
678 1748 952 1786 transmittantur,
980 1751 1017 1777 ut
1036 1745 1080 1776 ibi
1104 1744 1341 1787 percipiantur,
1367 1750 1465 1786 atque

142 1798 404 1830 modificationem
422 1798 616 1841 peculiarem
636 1798 680 1830 ibi
700 1800 878 1842 patiantur,
899 1798 1073 1831 necessario
1089 1797 1278 1839 requiritur,
1299 1802 1336 1827 ut
1351 1796 1464 1827 existat

141 1852 385 1883 communicatio
407 1852 552 1894 quaedam
577 1864 651 1884 cum
670 1852 781 1884 iisdem
801 1853 936 1895 organis.
963 1852 1039 1883 Haec
1059 1850 1183 1881 functio
1203 1849 1242 1880 ab
1263 1850 1338 1891 ipsis
1357 1850 1463 1881 nervis

140 1905 315 1948 perficitur.
342 1904 404 1936 Sed
423 1916 524 1947 quum
545 1905 612 1936 fere
637 1906 829 1949 impossibile
852 1907 952 1946 foret,
979 1911 1017 1937 ut
1042 1914 1150 1935 omnes
1173 1902 1208 1933 hi
1228 1903 1319 1935 nervi
1341 1902 1461 1933 directe

140 1969 215 1990 cum
239 1957 367 1989 cerebro
391 1959 647 2000 communicent,
677 1966 788 2003 utpote
815 1961 871 2003 qui
893 1959 985 1992 nervi
1009 1955 1198 1990 vertebrales
1219 1955 1315 1986 simul
1341 1955 1460 1997 sumpti

139 2011 343 2044 efformarent
362 2010 452 2043 binos
466 2011 640 2054 funiculos,
662 2013 718 2056 qui
733 2011 772 2044 ob
790 2023 885 2044 suum
900 2011 1051 2045 volumen
1070 2007 1213 2053 partibus
1229 2008 1340 2042 vicinis
1354 2008 1459 2050 impe-

1103 2061 1125 2092 6
