1809 2469
813 239 926 283 (75)

204 313 330 345 interna
346 314 380 344 in
404 313 569 345 fasciculos
591 313 804 356 disponuntur
825 319 857 344 et
873 313 1122 356 distribuuntur,
1144 317 1318 359 perfectam
1335 319 1425 361 ponit
1440 320 1529 351 simi-

204 366 375 398 litudinem
395 367 478 397 inter
497 378 633 398 nervum
653 377 755 397 unum
777 372 810 397 et
834 366 951 398 alium:
974 368 1000 398 si
1016 370 1230 401 extremitates
1249 382 1376 411 eorum,
1402 373 1530 404 intuea—

204 431 298 459 mur,
332 419 420 451 nulla
452 419 495 451 ibi
526 420 703 450 differentia
738 420 877 451 inveniri
909 426 1029 463 potest:
1060 423 1085 452 si
1115 422 1346 466 disquisitiones
1378 426 1411 456 in
1447 426 1528 457 hanc

203 473 410 505 substantiam
429 473 647 504 caseiformem
669 473 897 512 instituuntur,
920 485 1015 517 quam
1035 474 1242 508 substantiam
1267 479 1358 510 nervi
1377 480 1529 511 emittunt

204 533 273 570 post
296 538 387 558 suam
414 533 624 558 transversam
653 527 824 558 sectionem
856 527 933 559 dum
962 530 1237 572 comprimuntur,
1270 532 1415 564 videmus
1443 535 1529 576 quod

202 581 333 612 omnino
351 579 462 611 eadem
482 585 515 610 et
531 590 658 622 prorsus
677 579 813 611 identica
831 581 886 620 sit,
904 593 979 612 cum
1000 582 1053 613 illa
1069 595 1141 625 quae
1156 584 1322 616 cerebrum
1338 592 1376 617 etf
1390 586 1528 619 medulla

203 633 370 676 oblongata
394 639 427 664 et
447 633 575 675 spinalis
604 633 757 664 emittunt
785 634 818 664 in
847 640 976 666 truncos
1000 637 1180 679 principes,
1211 649 1348 680 quorum
1373 641 1528 683 originem

202 697 405 718 communem
427 687 636 717 constituunt.
661 686 732 717 Non
755 693 878 720 tantum
899 688 1063 731 scalpello,
1090 690 1184 722 oculo
1204 691 1307 732 nudo,
1330 699 1363 723 et
1380 694 1446 735 ipso
1466 696 1530 725 mi-

203 740 362 782 croscopio
382 739 493 771 eadem
517 750 583 770 sese
608 740 744 771 ostendit
764 740 831 772 haec
852 741 1041 782 substantia,
1066 743 1121 774 sed
1143 750 1175 774 et
1195 744 1359 776 encheresi
1386 746 1528 778 chemica

201 793 279 825 dum
300 794 515 833 examinatur,
538 793 659 824 nullam
679 793 809 825 exhibet
829 794 1041 827 differentiam
1063 808 1169 839 neque
1187 809 1245 840 pro
1265 799 1331 829 suis
1349 799 1526 841 productis,

200 858 306 890 neque
334 859 391 890 pro
420 846 638 890 phaenotnenis
665 858 729 878 suae
752 847 1038 891 decompositionis.
1069 850 1164 889 Quod
1189 857 1296 882 autem
1325 852 1364 883 ad
1388 854 1528 885 exterius

199 911 373 932 nervorum
404 900 608 931 involucrum
634 901 764 939 attinet,
796 912 890 932 nemo
921 902 1061 944 ignorat,
1093 903 1178 946 quod
1202 905 1242 935 sit
1265 905 1399 947 simplex
1422 912 1529 938 textus

200 953 359 985 cellularis
384 954 456 984 satis
479 965 613 993 crassus,
637 953 729 997 cujus
749 953 930 985 functiones
952 955 1100 987 videntur
1119 956 1265 997 hmitari,
1294 964 1331 989 ut
1355 970 1526 992 nervorum

200 1006 299 1049 pulpa
323 1007 357 1037 in
383 1013 453 1037 tuto
480 1007 674 1044 retineatur,
706 1013 738 1037 et
763 1013 801 1037 ut
822 1008 852 1037 ei
874 1009 1076 1039 consistentia
1101 1015 1197 1050 atque
1222 1013 1387 1050 tenacitas,
1411 1013 1527 1055 quibus

197 1059 337 1091 affrictui
358 1070 374 1089 a
396 1058 540 1101 partibus
562 1058 672 1090 vicinis
695 1057 783 1088 illato
804 1059 949 1089 resistere
967 1060 1077 1101 possit,
1100 1060 1270 1092 tribuatur.

243 1113 359 1143 Omnia
379 1111 469 1142 nobis
489 1111 641 1142 videntur
659 1111 862 1150 confirmare,
885 1111 971 1153 quod
988 1112 1165 1144 differentia
1187 1115 1430 1157 impressionum
1451 1130 1527 1161 per—

197 1172 363 1209 ceptarum
386 1165 566 1208 dependeat
587 1177 603 1196 a
626 1165 709 1197 varia
735 1170 912 1205 structura,
938 1177 1002 1196 non
1027 1167 1169 1208 ipsorum
1190 1179 1380 1209 nervorum,
1407 1171 1462 1202 sed
1486 1172 1526 1203 ab

196 1219 250 1251 illa
273 1230 465 1262 organorum
486 1220 520 1249 in
538 1218 654 1261 quibus
676 1218 711 1249 hi
731 1219 889 1258 sentiunt,
911 1230 928 1250 a
951 1220 1072 1250 ratione
1093 1220 1155 1263 qua
1178 1231 1289 1252 eorum
1310 1225 1525 1257 extremitates

196 1273 320 1304 ultimae
345 1272 573 1315 expanduntur
593 1277 625 1303 et
644 1271 683 1302 ab
704 1272 771 1314 ipso
791 1271 901 1312 modo,
923 1283 986 1315 quo
1011 1284 1112 1304 causae
1128 1273 1372 1316 impressionum
1392 1277 1426 1307 in
1448 1289 1525 1309 ner-

195 1337 310 1358 vorum
331 1325 459 1356 diffusas
482 1331 587 1368 partes
610 1331 722 1368 agunt.

240 1378 287 1409 Cl.
310 1378 472 1409 Broussais
492 1378 539 1420 (1)
559 1378 635 1409 citat
656 1380 914 1421 experimentum
935 1391 952 1410 a
976 1379 1144 1424 Magendie
1169 1382 1351 1414 institutum
1376 1383 1415 1415 de
1437 1384 1524 1416 radi—

195 1430 285 1464 cibus
303 1430 513 1463 anterioribus
530 1437 562 1462 et
580 1428 807 1474 posterioribus
827 1443 1000 1465 nervorum
1019 1433 1258 1475 rachideorum,
1271 1447 1338 1479 quo
1352 1437 1522 1479 probatur,

195 1485 281 1528 quod
301 1486 488 1529 posteriores
510 1485 724 1526 sensibilitati,
751 1489 869 1529 priores
893 1498 968 1519 vero
995 1488 1133 1519 motibus
1156 1489 1388 1522 muscularibus
1412 1493 1524 1533 praesi-

195 1538 302 1570 deant.
331 1538 416 1570 Illud
439 1539 606 1581 significat,
634 1540 679 1570 ait
705 1539 882 1580 Broussais,
908 1543 981 1572 med
1002 1542 1132 1584 quidem
1153 1545 1337 1581 sententia,
1367 1545 1452 1587 quod
1475 1546 1523 1577 illi

194 1592 233 1623 ad
252 1592 369 1631 cutim,
395 1593 566 1624 anteriores
587 1604 661 1625 vero
682 1593 722 1625 ad
742 1594 902 1626 musculos
917 1595 1059 1626 tendant.
1081 1595 1152 1626 Non
1173 1606 1212 1627 ex
1232 1607 1269 1627 eo
1293 1597 1440 1628 concludi
1461 1610 1522 1640 po—

194 1651 271 1685 test,
293 1645 379 1688 quod
398 1647 489 1677 nervi
505 1653 651 1678 motuum
667 1647 832 1689 differant,
851 1661 868 1679 a
884 1650 990 1681 nervis
1006 1650 1231 1681 sensationum.
1249 1650 1369 1682 Natura
1385 1653 1418 1682 in
1434 1652 1521 1684 mille

194 1699 271 1730 locis
285 1699 325 1730 ad
339 1711 437 1730 unam
454 1705 486 1731 et
500 1700 593 1732 aliam
608 1701 809 1733 functionem
826 1703 1051 1745 perficiendam
1061 1727 1069 1742 ‚
1088 1702 1200 1734 iisdem
1216 1703 1398 1735 indistincte
1415 1706 1520 1737 nervis

192 1752 312 1792 utitur,
335 1758 367 1783 et
385 1754 541 1784 sententia
562 1754 700 1786 duorum
720 1755 893 1788 fluidorum
913 1768 1105 1789 nerveorum
1127 1768 1213 1788 mere
1233 1758 1436 1801 hypothetica
1461 1766 1518 1790 est.

193 1805 354 1836 Broussais
373 1806 432 1837 hac
456 1806 494 1837 de
515 1818 549 1838 re
571 1819 693 1840 summa
714 1821 787 1841 cum
807 1810 1015 1853 ambiguitate
1035 1811 1225 1841 sententiam
1239 1822 1328 1842 suam
1345 1812 1517 1854 eloquitur.

235 1859 343 1890 Primo
363 1859 436 1901 ejus
457 1862 623 1891 sententia
646 1869 777 1905 apparet
801 1864 902 1907 quod,
927 1875 1002 1895 cum
1019 1864 1138 1895 radices
1158 1866 1344 1906 posteriores
1364 1866 1518 1896 sensatio—

193 1911 288 1944 nibus
309 1912 373 1943 sint
397 1913 574 1954 destinatae,
602 1915 671 1946 haec
698 1917 799 1948 cutim
823 1917 910 1949 adire
940 1917 1076 1949 debeant
1084 1929 1092 1957 3
1123 1917 1309 1959 posteriores
1335 1929 1408 1950 vero
1435 1919 1518 1962 ipsos

252 2037 296 2066 (1)
311 2036 422 2067 Physiol.
442 2036 568 2068 applique'e
584 2039 597 2061 ὲ
611 2039 635 2062 la
650 2040 800 2071 pathologie,
817 2040 892 2063 editio
907 2040 1013 2064 Bruxell.
1032 2039 1082 2064 vol.
1101 2047 1124 2068 1,
1143 2047 1197 2070 pag.
1211 2040 1262 2064 338.
