1809 2469
800 250 914 293 (65)

192 342 331 376 quorum
349 327 557 361 directionem
574 330 769 370 sequuntur,
787 335 925 367 quaeque
946 323 1063 355 deinde
1083 336 1158 356 cum
1177 324 1333 356 similibus
1356 325 1524 356 filamentis

191 388 477 416 anastomosantur.
504 381 585 412 Satis
605 379 724 411 mirum
743 383 806 418 est,
831 377 917 420 quod
936 376 1005 409 haec
1027 376 1187 420 dispositio
1204 389 1268 409 non
1290 379 1469 421 reperiatur
1490 379 1525 410 in

193 437 363 470 filamentis
385 435 571 479 applanatis.

239 490 326 522 Ordo
355 489 592 520 filamentorum
620 485 723 528 prior,
755 483 898 516 abundat
923 485 957 515 in
983 484 1132 516 omnibus
1158 486 1265 517 nervis
1294 485 1335 516 ad
1367 486 1527 518 musculos

194 544 374 583 destinatis,
389 543 425 574 in
440 539 558 585 quibus
574 545 682 571 tamen
697 539 792 570 etiam
814 537 890 569 ordo
909 539 1062 580 posterior
1076 539 1248 581 reperitur.
1267 538 1309 569 At
1325 539 1360 569 in
1380 539 1528 570 omnibus

194 599 301 630 nervis
313 602 402 627 motu
414 594 587 626 musculari
602 593 765 636 speciatim
777 592 957 632 destinatis,
969 593 1018 624 uti
1029 593 1062 623 in
1073 593 1180 625 nervis
1196 593 1337 624 [notoriis
1347 593 1529 625 ocularibus

196 649 421 683 communibus
448 654 480 680 et
504 649 660 687 externis,
691 646 770 678 adeo
797 647 877 677 mira
901 652 947 677 est
969 646 1038 677 haec
1063 645 1244 689 dispositio,
1271 652 1308 677 ut
1331 646 1376 677 ibi
1400 646 1530 678 nullum

195 704 330 736 secundi
353 702 473 734 ordinis
496 701 696 733 filamentum
722 701 857 743 reperiri
882 702 989 743 possit.
1024 700 1140 731 Omnia
1162 700 1323 731 filamenta
1343 700 1531 731 secundaria

196 770 268 802 quae
288 758 345 789 hos
365 768 479 789 nervos
501 761 699 798 componunt
723 755 940 798 cylindro'i'dea
964 760 1056 794 sunt,
1082 760 1179 796 atque
1201 754 1394 794 resistentia,
1419 755 1532 786 neuri-

196 812 280 843 lema
302 811 441 842 maxime
463 809 631 842 evolutum
653 809 860 852 possidentia,
884 809 918 840 hi
937 809 1028 840 nervi
1049 808 1146 839 etiam
1165 808 1429 850 proportionatim
1445 807 1533 839 mul—

197 871 268 896 tum
291 863 449 895 difficilius
469 863 716 905 disrumpuntur
731 873 827 905 quam
845 861 914 902 alii,
935 863 990 904 qui
1008 862 1171 905 duplicem
1189 862 1426 893 filamentorum
1446 861 1534 893 ordi—

198 929 274 950 nem
294 918 477 948 continent:
501 923 635 960 possunt
654 918 785 959 insuper
805 916 971 947 dilacerari
991 922 1023 947 et
1040 917 1142 959 pungi
1156 916 1275 959 absque
1291 927 1328 947 eo
1347 922 1384 947 ut
1400 916 1533 954 animal,

198 972 420 1013 experimento
441 970 652 1010 submissum,
677 970 819 1013 aliquem
840 962 955 1001 doloris
977 981 1106 1003 sensum
1127 981 1166 1001 ex
1188 980 1225 1001 eo
1242 964 1409 1013 percipere
1424 969 1536 1000 videa-

199 1031 268 1064 tur,
294 1025 348 1055 sed
368 1024 408 1054 de
430 1024 479 1053 his
499 1029 618 1065 postea.

243 1078 342 1110 Nervi
368 1087 478 1108 omnes
502 1077 559 1119 qui
583 1087 649 1107 sese
671 1076 903 1119 integumentis
924 1074 1148 1107 communibus
1176 1075 1390 1115 distribuunt,
1416 1077 1537 1119 quique

201 1131 317 1163 deinde
339 1130 539 1161 destinantur
557 1130 786 1161 transmissioni
805 1131 1066 1173 impressionum,
1086 1141 1103 1160 a
1123 1129 1306 1172 peripheria
1329 1130 1368 1161 ad
1389 1136 1538 1162 centrum

201 1185 452 1229 prodeuntium,
487 1194 545 1226 pro
572 1183 710 1214 maxima
737 1190 828 1227 parte
857 1184 1069 1215 efformantur
1097 1194 1135 1214 ex
1162 1183 1331 1214 filamentis
1362 1182 1539 1226 applanatis

202 1238 335 1271 secundi
356 1237 485 1269 ordinis.
510 1237 587 1269 Haec
611 1236 808 1277 differentia,
834 1249 892 1280 pro
918 1238 984 1280 ipsa
1008 1243 1143 1268 texturae
1169 1237 1391 1280 dispositione,
1419 1238 1539 1280 optime

201 1293 304 1326 videri
328 1297 432 1335 potest
454 1292 489 1322 in
514 1290 597 1321 binis
622 1290 783 1322 radicibus
806 1302 920 1323 nervos
946 1290 1083 1333 spinales
1107 1291 1366 1331 efformantibus,
1392 1292 1448 1334 qui
1473 1302 1540 1322 non

202 1347 287 1378 hanc
306 1346 404 1377 solam
426 1344 664 1388 dispositionem
689 1344 846 1384 offerunt,
873 1345 921 1375 uti
943 1350 1050 1387 postea
1072 1343 1353 1375 demonstrabitur.

248 1400 370 1431 Omnes
391 1399 484 1430 nervi
505 1398 642 1442 spinales
663 1398 785 1441 duplici
806 1397 913 1429 radice
929 1398 970 1429 ad
989 1397 1166 1430 medullam
1185 1397 1340 1440 spinalem
1362 1398 1542 1429 terminan-

205 1460 274 1494 tur,
296 1453 412 1484 harum
432 1451 577 1483 radicum
600 1451 724 1495 singula
746 1458 867 1483 constat
888 1463 928 1483 ex
949 1451 1096 1495 pluribus
1119 1451 1305 1482 filamentis:
1327 1450 1449 1482 radices
1467 1463 1542 1494 pos-

204 1507 337 1538 teriores
356 1511 432 1538 sunt
451 1505 554 1536 multo
574 1504 702 1549 majoris
722 1505 895 1538 voluminis
915 1517 1012 1548 quam
1030 1507 1215 1536 anteriores.
1236 1506 1430 1537 Posteriores
1449 1512 1543 1537 ante-

207 1572 304 1604 quam
324 1571 391 1591 sese
411 1560 526 1591 uniant
546 1559 714 1599 fasciculo,
736 1571 753 1590 a
777 1559 938 1590 radicibus
960 1559 1175 1591 anterioribus
1195 1559 1352 1600 formato,
1376 1559 1543 1602 gauglium

207 1615 429 1653 constituunt,
462 1612 554 1658 cujus
587 1613 672 1644 color
706 1613 828 1657 griseus
857 1619 925 1653 est,
957 1619 989 1644 et
1019 1613 1112 1657 cujus
1147 1619 1308 1645 texturam
1343 1613 1480 1644 enodare
1511 1619 1545 1644 et

208 1679 398 1711 cognoscere
418 1666 643 1699 difficillimum
670 1673 727 1698 est.
754 1666 904 1699 Attamen
931 1666 991 1697 hoc
1017 1667 1166 1710 ganglion
1194 1667 1289 1709 opera
1313 1667 1469 1709 pertinaci
1493 1678 1545 1698 se-

208 1723 313 1766 parari
339 1727 443 1764 potest
468 1733 485 1752 a
508 1722 646 1752 maximo
667 1731 803 1752 numero
824 1719 1061 1752 filamentorum
1083 1732 1100 1752 a
1124 1720 1231 1752 radice
1256 1721 1407 1752 anteriori
1427 1731 1546 1763 prove-

209 1776 381 1806 nientium.
404 1775 459 1805 Est
478 1785 554 1818 ergo
574 1775 608 1805 in
624 1774 679 1805 illo
697 1773 767 1805 loco
786 1773 871 1817 quod
886 1773 954 1805 bini
970 1774 1003 1805 hi
1023 1775 1149 1806 ordines
1164 1785 1231 1805 sese
1249 1773 1432 1814 decussent‚
1449 1780 1546 1817 atque

210 1840 277 1861 sese
293 1828 494 1861 confundant
511 1828 549 1860 ad
566 1840 668 1860 unum
686 1839 824 1860 nervum
840 1827 1093 1868 efformandum,
1111 1829 1167 1871 qui
1183 1834 1290 1859 tamen
1306 1828 1409 1871 primo
1424 1828 1547 1859 intuitu

210 1883 370 1915 identicus
399 1882 538 1914 videtur.
568 1882 643 1914 Haec
670 1883 776 1913 omnia
809 1882 970 1913 filamenta
1001 1894 1118 1915 nervea
1144 1882 1326 1914 retinentur
1351 1892 1410 1924 ope
1440 1883 1548 1913 textus

212 1928 372 1969 ceHularis
392 1936 485 1968 valde
503 1936 686 1968 resistentis.
709 1936 775 1968 Sub
795 1948 851 1969 suo
873 1936 1011 1969 decursu
1032 1936 1091 1967 sibi
1112 1936 1250 1968 invicem
1273 1935 1367 1978 plura
1387 1935 1548 1966 filamenta

213 1989 401 2022 secundaria
430 1990 621 2030 demittunt,
651 1997 688 2022 ut
712 1990 826 2033 plexus
849 1992 951 2022 varios
975 1991 1155 2022 efforment.
1183 1983 1458 2021 Animadvertitur
1491 2000 1548 2032 ge-

213 2045 369 2084 neratim,
395 2043 498 2086 quod,
526 2055 590 2087 quo
615 2045 715 2088 magis
742 2046 834 2077 nervi
859 2044 996 2088 spinales
1017 2056 1033 2076 a
1058 2043 1191 2087 gangliis
1220 2043 1284 2074 suis
1313 2042 1485 2083 recedunt,
1511 2054 1548 2075 eo

1267 2107 1288 2139 9
