1809 2469
820 203 909 246 (5)

243 294 332 325 Licet
355 299 462 325 autem
488 291 598 335 negari
622 301 686 322 non
710 290 821 332 possit,
847 289 935 320 hunc
961 290 1166 331 purissimum
1191 290 1357 323 literarum
1383 303 1523 324 amorem

199 362 287 389 recte
314 357 376 387 dici
401 356 635 390 Platonicum,
679 358 791 395 utpote
818 352 978 382 Platonis
1009 352 1131 394 placitis
1161 353 1369 396 moribusque
1395 356 1527 386 omnino

201 421 461 458 convenientem,
493 424 599 448 tamen
627 416 767 449 veritatis
791 414 933 445 studium
964 416 1081 458 exigit,
1112 422 1149 447 ut
1176 417 1355 456 fateamur,
1384 418 1525 450 eundem

201 482 303 514 multo
330 487 402 513 ante
425 480 590 511 Platonem
615 485 758 521 tempore
787 490 803 509 a
828 479 1047 521 Pythagora,
1078 482 1215 512 nominis
1243 482 1525 523 Philosophorum

201 546 383 583 inventore,
406 554 423 574 e
443 542 535 587 cujus
553 542 718 585 disciplina
741 542 906 573 Platonem
926 544 1089 586 praecipua
1107 555 1172 575 suae
1190 543 1403 586 Philosophiae
1423 544 1526 586 capita

199 608 339 639 hausisse
356 613 490 647 constat,
508 607 585 638 scite
603 606 769 637 definitum
788 612 819 637 et
831 606 974 648 impense
991 607 1248 638 commendatum
1266 607 1374 638 fuisse.
1397 607 1532 650 Quippe·

200 671 287 714 apud
313 670 498 702 Ciceronem
530 671 563 701 in
592 669 818 712 quaestionibus
841 669 1016 701 tusculanis
1042 670 1194 712 legimus,
1222 670 1358 707 Leonti,
1390 670 1529 712 principi

200 733 453 771 Phliasiorwm,
479 745 553 765 cum
575 734 749 764 novitatem
769 734 906 764 nominis
927 734 1111 776 Philosophi
1136 733 1323 773 admiratus,
1346 744 1387 764 ex
1406 733 1529 776 Pytha-

202 809 276 840 gora
299 798 508 840 quaesivisset,
535 798 665 839 quinam
685 802 788 827 essent
808 796 995 838 Philosophi·
1013 802 1045 826 et
1065 795 1146 837 quid·
1163 796 1246 825 inter
1267 806 1319 825 eos
1337 801 1369 826 et
1389 795 1529 838 reliquos

201 860 389 891 interesset?
408 860 626 902 Pythagorum
649 856 861 900 respondisse,
883 857 1019 888 similem
1041 856 1099 887 sihi
1120 855 1220 887 videri
1241 856 1339 887 vitam
1359 856 1529 887 hominurn

201 929 234 954 et
257 928 435 954 mercatum
455 933 530 953 eum
550 922 606 964 qui
625 920 799 952 haberetur
819 921 958 951 maximo
975 919 1126 951 ludorum
1147 924 1301 962 apparatu
1322 920 1417 950 totius
1438 919 1530 950 Grae-

201 987 258 1018 ciae
284 985 478 1017 celebritate.
519 984 619 1023 Nam,
652 984 702 1015 uti
735 983 801 1014 illic
829 982 882 1013 alii
911 982 1095 1025 corporibus
1126 982 1305 1013 exercitatis
1335 981 1468 1024 gloriam
1499 988 1532 1012 et

200 1048 399 1080 nobilitatem
418 1059 541 1080 coronae
563 1053 725 1091 peterent,
753 1047 807 1078 alii
829 1046 957 1078 emendi
982 1052 1037 1078 aut
1058 1046 1218 1078 vendendi
1240 1051 1364 1088 quaestu
1388 1051 1421 1076 et
1441 1045 1531 1076 lucro

202 1113 419 1152 ducerentur,
449 1118 530 1143 esset
559 1117 665 1143 autem
694 1110 853 1154 quoddam
882 1122 984 1154 genus
1013 1121 1143 1150 eorum,
1177 1109 1275 1152 idque
1309 1109 1360 1141 vel
1392 1109 1531 1140 maxime

201 1176 400 1218 ingenuum,
424 1176 481 1217 qui
505 1186 565 1205 nec
585 1174 734 1216 plausum
757 1184 816 1204 nec
840 1173 969 1204 lucrum
995 1179 1196 1216 quaererent,
1220 1173 1275 1204 sed
1295 1172 1421 1204 visendi,
1438 1184 1532 1204 causa

203 1238 369 1276 venirent,
399 1236 603 1279 studioseque
629 1237 864 1279 perspicerent,
893 1236 971 1278 quid
1003 1242 1170 1279 ageretur,
1203 1242 1236 1267 et
1262 1247 1326 1279 quo
1348 1235 1458 1267 modo:
1489 1236 1535 1266 itav

202 1310 259 1330 nos
279 1299 369 1341 quasi
386 1299 420 1328 in
438 1303 597 1328 mercatus
616 1297 776 1340 quandam
796 1298 1011 1329 celebritatem
1031 1311 1070 1330 ex
1089 1300 1169 1331 urbe
1191 1300 1311 1342 aliqua,
1331 1301 1375 1330 sic
1395 1300 1429 1330 in
1449 1300 1532 1331 hanc

202 1363 300 1395 vitam
323 1373 363 1393 ex
385 1361 445 1392 alia
460 1362 524 1394 vita
544 1367 577 1392 et
594 1367 708 1393 natura
730 1360 904 1403 profectos,
928 1360 1003 1392 alios
1019 1361 1128 1404 gloriae
1143 1363 1262 1393 servire
1277 1362 1353 1393 alios
1371 1363 1532 1405 pecuniae,

202 1436 288 1456 raros
305 1435 370 1456 esse
391 1424 560 1468 quosdam,
583 1425 656 1467 qui,
678 1425 790 1455 ceteris
812 1423 960 1455 omnibus
983 1424 1161 1467 pronihilo
1185 1424 1320 1463 habitis,
1346 1435 1455 1455 rerum
1473 1436 1532 1455 na-

203 1494 309 1520 turam
330 1488 468 1519 studiose
490 1488 714 1520 intuerentur:
740 1487 797 1518 hos
818 1498 850 1518 se
871 1487 1032 1530 appellare
1055 1489 1217 1531 sapientiae
1242 1487 1409 1528 studiosos,
1434 1487 1467 1518 id
1488 1493 1535 1518 est

204 1552 290 1581 enim
319 1550 568 1592 Philosoplzos;
602 1557 634 1582 et
661 1557 699 1582 ut
724 1551 790 1583 illic
822 1552 1099 1583 liberalissimum
1126 1557 1207 1583 esset
1238 1557 1413 1593 spectare,
1447 1552 1536 1582 nihil

203 1614 272 1645 sibi
295 1615 522 1656 acquirentem
530 1637 542 1651 ,
573 1614 618 1645 sic
643 1614 677 1645 in
704 1615 768 1647 vita
794 1615 889 1659 longe
912 1615 1060 1647 omnibus
1086 1615 1198 1647 studiis
1225 1615 1535 1656 contemplationem

203 1688 313 1709 rerum
337 1679 626 1721 cognitionemque
653 1684 812 1722 praestare.
851 1679 963 1722 Itaque
987 1679 1073 1718 haec,
1103 1689 1201 1720 quam
1225 1676 1419 1720 Pythagoras
1444 1688 1533 1707 com—

205 1741 350 1781 mendat,
376 1742 600 1785 contemplatio
622 1753 748 1782 rerum,
772 1743 856 1774 nihil
876 1743 937 1774 sibi
955 1743 1127 1786 acquirere·
1141 1741 1271 1772 studens
1289 1746 1405 1783 praeter
1427 1741 1533 1783 ipsum

206 1805 305 1835 animi
326 1804 468 1844 cultum,
499 1816 573 1836 cum
599 1805 762 1837 Platonico
788 1807 994 1838 scientiarum
1014 1817 1121 1838 amore
1144 1805 1274 1836 omnino
1295 1804 1406 1836 eodem
1436 1804 1534 1843 redit,

207 1873 239 1898 et
259 1868 452 1911 Pythagorae
471 1879 536 1899 non
557 1869 684 1909 minus,
714 1880 810 1912 quam
837 1869 965 1901 Platoni·
981 1880 1169 1913 persuasum
1194 1868 1291 1899 fuisse
1316 1867 1446 1899 evidens
1468 1872 1534 1905 est,

205 1931 240 1961 in
268 1931 344 1974 ipsis
369 1930 485 1971 rebus,
517 1942 594 1974 quae·
623 1931 794 1964 discuntur
821 1939 853 1964 et
880 1938 1138 1976 cognoscuntur,
1171 1931 1380 1963 invitamenta
1411 1930 1538 1969 inesse,

206 1994 322 2039 quibus
352 1994 395 2027 ad
421 1994 608 2028 discendum
640 1998 961 2043 cognoscendumque
997 2008 1205 2036 moveamur,
1238 2006 1274 2026 ac
1307 1994 1342 2026 in
1375 1993 1425 2025 his
1457 1993 1531 2036 ipsis
