1809 2469
288 287 503 321 ERRORES
550 288 919 321 TYPOGRAPHICI
966 287 1274 340 CORRIGENDI.

633 438 930 449 mmm-mu

120 553 188 592 Pag.
230 565 258 593 9.
281 553 333 582 lin.
375 564 392 592 9
414 564 430 581 a
452 553 508 582 fine
530 561 605 592 non:
629 551 756 581 historiae
776 551 952 592 legendum,
974 555 1040 584 sed:
1069 554 1190 587 historia

136 621 176 625 -.
213 604 326 631 14.-
371 604 430 631 4-
471 620 488 625 -
530 619 546 625 -
588 612 682 630 -ver
787 616 1036 628 -----
1071 607 1133 636 veri

136 670 175 675 .-
212 654 257 681 25.
289 669 328 674 -
352 652 387 681 15
408 652 443 680 ab
457 652 522 681 init.
538 660 613 681 non:
632 650 805 680 interfecent
819 651 996 692 legendum,
1013 655 1079 685 sed:
1094 657 1270 688 intersecent

136 719 175 724 .-.
208 702 257 731 46,
287 719 326 724 -
370 713 383 731 1
418 720 434 724 -
475 718 492 725 ..
533 720 550 724 -
591 720 608 724 -
635 710 699 742 quae
821 719 1069 728 -----
1092 717 1157 747 quae
1180 716 1247 748 post
1265 708 1456 740 Hevelianum

136 767 176 773 —
209 751 258 788 47.
287 767 327 773 -
352 752 385 780 15
415 768 432 773 —
473 768 490 773 -
531 768 548 773 —
589 768 606 773 -
635 751 760 780 fuissent
821 769 1070 778 -----
1091 756 1196 786 fuisset

137 818 175 823 -—
210 802 257 830 56.
286 818 326 823 —
368 802 385 830 6
414 812 429 830 a
453 802 510 830 fine
528 810 603 830 non:
635 800 739 830 tubulo
820 819 1070 828 -----
1089 817 1106 834 a
1132 806 1237 837 tubulo

137 867 176 872 —
211 852 259 889 59.
288 868 326 873 ·-
351 862 384 890 17
413 851 611 880 abinit.non:
635 850 778 880 orchalcei
819 869 1068 877 -----
1089 852 1244 886 orichalcei

137 915 176 921 -
198 900 261 928 ead.
288 916 327 921 —
369 911 384 938 7
416 910 431 928 a
449 900 505 928 fine
527 908 606 928 non:
634 900 735 928 dexter
815 917 1064 926 -----
1086 903 1132 933 vel
1155 905 1256 935 dexter

139 965 177 970 --
211 949 258 976 60.
287 965 327 970 —
350 959 383 976 ιι
414 948 449 976 ab
461 946 525 977 init.
536 957 612 977 non:
634 948 766 978 sinstram
817 968 1066 976 -----
1088 954 1231 984 sinistram

139 1014 177 1018 -
211 998 258 1025 62.
288 1014 327 1019 —
352 997 386 1026 15
420 1015 436 1019 -
478 1013 494 1019 -
535 1015 552 1019 -
594 1014 610 1019 -
638 1005 680 1026 est
815 1017 1064 1025 -----
1086 1010 1147 1041 est,

137 1063 175 1068 —
197 1046 260 1075 ead.
288 1063 326 1068 -
369 1057 384 1084 7
417 1057 433 1075 a
451 1046 507 1075 fine
525 1045 681 1076 delendum
698 1057 807 1077 comma
826 1058 952 1090 sequens
977 1061 1076 1081 vocem
1100 1052 1261 1084 clementia.

137 1112 175 1117 -
211 1095 258 1124 65.
288 1112 326 1117 -
370 1105 385 1123 2
420 1106 435 1124 a
457 1096 513 1124 fine
537 1105 618 1125 non:
652 1107 739 1136 quam
766 1096 938 1138 legendum,
969 1101 1037 1131 sed:
1068 1112 1155 1142 quem
