<?xml version="1.0" encoding="UTF-8"?>
<!DOCTYPE html PUBLIC "-//W3C//DTD XHTML 1.0 Transitional//EN"
    "http://www.w3.org/TR/xhtml1/DTD/xhtml1-transitional.dtd">
<html xmlns="http://www.w3.org/1999/xhtml" xml:lang="en" lang="en">
 <head>
  <title>
</title>
<meta http-equiv="Content-Type" content="text/html;charset=utf-8" />
  <meta name='ocr-system' content='tesseract 3.04.00' />
  <meta name='ocr-capabilities' content='ocr_page ocr_carea ocr_par ocr_line ocrx_word'/>
</head>
<body>
  <div class='ocr_page' id='page_1' title='image "annalesacademiae26gand_0101.png"; bbox 0 0 1809 2469; ppageno 0'>
   <div class='ocr_carea' id='block_1_1' title="bbox 145 231 1483 1415">
    <p class='ocr_par' dir='ltr' id='par_1_1' title="bbox 759 231 870 273">
     <span class='ocr_line' id='line_1_1' title="bbox 759 231 870 273; baseline -0.009 0"><span class='ocrx_word' id='word_1_1' title='bbox 759 233 769 273; x_wconf 92' lang='lat'>(</span> <span class='ocrx_word' id='word_1_2' title='bbox 793 232 833 263; x_wconf 75' lang='lat'>63</span> <span class='ocrx_word' id='word_1_3' title='bbox 859 231 870 272; x_wconf 87' lang='lat'><em>)</em></span> 
     </span>
    </p>

    <p class='ocr_par' dir='ltr' id='par_1_2' title="bbox 145 299 1480 675">
     <span class='ocr_line' id='line_1_2' title="bbox 146 299 1477 356; baseline -0.01 -13"><span class='ocrx_word' id='word_1_4' title='bbox 146 323 220 356; x_wconf 83' lang='lat' dir='ltr'>gare</span> <span class='ocrx_word' id='word_1_5' title='bbox 240 321 418 354; x_wconf 66' lang='lat' dir='ltr'>possumus</span> <span class='ocrx_word' id='word_1_6' title='bbox 446 309 476 340; x_wconf 86' lang='lat' dir='ltr'>Si</span> <span class='ocrx_word' id='word_1_7' title='bbox 499 307 626 352; x_wconf 83' lang='lat' dir='ltr'>quando</span> <span class='ocrx_word' id='word_1_8' title='bbox 647 306 737 337; x_wconf 89' lang='lat' dir='ltr'>nobis</span> <span class='ocrx_word' id='word_1_9' title='bbox 759 304 929 345; x_wconf 84' lang='lat' dir='ltr'>contigerit</span> <span class='ocrx_word' id='word_1_10' title='bbox 948 314 1014 334; x_wconf 90' lang='lat' dir='ltr'>esse</span> <span class='ocrx_word' id='word_1_11' title='bbox 1034 308 1096 333; x_wconf 87' lang='lat' dir='ltr'>tam</span> <span class='ocrx_word' id='word_1_12' title='bbox 1119 301 1283 340; x_wconf 80' lang='lat' dir='ltr'>felicibus,</span> <span class='ocrx_word' id='word_1_13' title='bbox 1308 307 1344 332; x_wconf 88' lang='lat' dir='ltr'>ut</span> <span class='ocrx_word' id='word_1_14' title='bbox 1363 299 1477 331; x_wconf 85' lang='lat' dir='ltr'>acade-</span> 
     </span>
     <span class='ocr_line' id='line_1_3' title="bbox 145 354 1477 406; baseline -0.011 -8"><span class='ocrx_word' id='word_1_15' title='bbox 145 367 240 398; x_wconf 87' lang='lat' dir='ltr'>miam</span> <span class='ocrx_word' id='word_1_16' title='bbox 267 371 404 395; x_wconf 81' lang='lat' dir='ltr'>nostram</span> <span class='ocrx_word' id='word_1_17' title='bbox 429 363 556 406; x_wconf 89' lang='lat' dir='ltr'>specula</span> <span class='ocrx_word' id='word_1_18' title='bbox 578 359 784 392; x_wconf 77' lang='lat' dir='ltr'>astronomica</span> <span class='ocrx_word' id='word_1_19' title='bbox 807 363 933 388; x_wconf 84' lang='lat' dir='ltr'>auctam</span> <span class='ocrx_word' id='word_1_20' title='bbox 956 356 1136 394; x_wconf 83' lang='lat' dir='ltr'>videamus,</span> <span class='ocrx_word' id='word_1_21' title='bbox 1161 355 1253 398; x_wconf 86' lang='lat' dir='ltr'>cujus</span> <span class='ocrx_word' id='word_1_22' title='bbox 1270 365 1324 396; x_wconf 89' lang='lat' dir='ltr'>spe</span> <span class='ocrx_word' id='word_1_23' title='bbox 1343 354 1417 385; x_wconf 87' lang='lat' dir='ltr'>inde</span> <span class='ocrx_word' id='word_1_24' title='bbox 1439 365 1477 384; x_wconf 82' lang='lat' dir='ltr'>ex</span> 
     </span>
     <span class='ocr_line' id='line_1_4' title="bbox 146 408 1480 460; baseline -0.01 -9"><span class='ocrx_word' id='word_1_25' title='bbox 146 419 318 457; x_wconf 84' lang='lat' dir='ltr'>decennio,</span> <span class='ocrx_word' id='word_1_26' title='bbox 341 424 373 449; x_wconf 90' lang='lat' dir='ltr'>et</span> <span class='ocrx_word' id='word_1_27' title='bbox 397 417 481 460; x_wconf 90' lang='lat' dir='ltr'>quod</span> <span class='ocrx_word' id='word_1_28' title='bbox 502 414 659 452; x_wconf 72' lang='lat' dir='ltr'><strong>excurrit,</strong></span> <span class='ocrx_word' id='word_1_29' title='bbox 678 413 850 450; x_wconf 79' lang='lat' dir='ltr'>lactamur,</span> <span class='ocrx_word' id='word_1_30' title='bbox 875 417 952 442; x_wconf 89' lang='lat' dir='ltr'>tunc</span> <span class='ocrx_word' id='word_1_31' title='bbox 974 416 1061 441; x_wconf 89' lang='lat' dir='ltr'>certe</span> <span class='ocrx_word' id='word_1_32' title='bbox 1084 421 1148 453; x_wconf 77' lang='lat' dir='ltr'>non</span> <span class='ocrx_word' id='word_1_33' title='bbox 1165 408 1381 451; x_wconf 75' lang='lat' dir='ltr'><strong>negligemus,</strong></span> <span class='ocrx_word' id='word_1_34' title='bbox 1404 420 1480 450; x_wconf 84' lang='lat' dir='ltr'>pro—</span> 
     </span>
     <span class='ocr_line' id='line_1_5' title="bbox 147 462 1479 515; baseline -0.011 -11"><span class='ocrx_word' id='word_1_35' title='bbox 147 473 220 504; x_wconf 87' lang='lat' dir='ltr'>ditis</span> <span class='ocrx_word' id='word_1_36' title='bbox 244 472 446 515; x_wconf 84' lang='lat' dir='ltr'>speculorum</span> <span class='ocrx_word' id='word_1_37' title='bbox 474 470 696 510; x_wconf 82' lang='lat' dir='ltr'>vitrorumque</span> <span class='ocrx_word' id='word_1_38' title='bbox 721 464 990 503; x_wconf 83' lang='lat' dir='ltr'>dimensionibus,</span> <span class='ocrx_word' id='word_1_39' title='bbox 1016 463 1139 494; x_wconf 88' lang='lat' dir='ltr'>calculo</span> <span class='ocrx_word' id='word_1_40' title='bbox 1163 462 1320 493; x_wconf 86' lang='lat' dir='ltr'>subducto</span> <span class='ocrx_word' id='word_1_41' title='bbox 1346 462 1479 492; x_wconf 85' lang='lat' dir='ltr'>demon-</span> 
     </span>
     <span class='ocr_line' id='line_1_6' title="bbox 146 515 1479 565; baseline -0.008 -8"><span class='ocrx_word' id='word_1_42' title='bbox 146 532 245 557; x_wconf 90' lang='lat' dir='ltr'>strare</span> <span class='ocrx_word' id='word_1_43' title='bbox 275 525 518 565; x_wconf 85' lang='lat' dir='ltr'>coelestiumque</span> <span class='ocrx_word' id='word_1_44' title='bbox 550 521 836 564; x_wconf 75' lang='lat' dir='ltr'>phaenoinenorum</span> <span class='ocrx_word' id='word_1_45' title='bbox 867 518 1022 548; x_wconf 86' lang='lat' dir='ltr'>institutis</span> <span class='ocrx_word' id='word_1_46' title='bbox 1055 515 1325 547; x_wconf 84' lang='lat' dir='ltr'>observationibus</span> <span class='ocrx_word' id='word_1_47' title='bbox 1362 516 1479 546; x_wconf 84' lang='lat' dir='ltr'>confir—</span> 
     </span>
     <span class='ocr_line' id='line_1_7' title="bbox 147 572 1479 618; baseline -0.008 -8"><span class='ocrx_word' id='word_1_48' title='bbox 147 590 255 618; x_wconf 80' lang='lat' dir='ltr'>mare,</span> <span class='ocrx_word' id='word_1_49' title='bbox 285 578 345 608; x_wconf 82' lang='lat' dir='ltr'>hoc</span> <span class='ocrx_word' id='word_1_50' title='bbox 370 576 577 618; x_wconf 87' lang='lat' dir='ltr'>telescopium</span> <span class='ocrx_word' id='word_1_51' title='bbox 608 576 692 605; x_wconf 85' lang='lat' dir='ltr'>inter</span> <span class='ocrx_word' id='word_1_52' title='bbox 719 572 994 615; x_wconf 79' lang='lat' dir='ltr'>praestantissima,</span> <span class='ocrx_word' id='word_1_53' title='bbox 1025 582 1096 613; x_wconf 82' lang='lat' dir='ltr'>quae</span> <span class='ocrx_word' id='word_1_54' title='bbox 1123 581 1268 613; x_wconf 83' lang='lat' dir='ltr'>unquam</span> <span class='ocrx_word' id='word_1_55' title='bbox 1299 575 1479 600; x_wconf 83' lang='lat' dir='ltr'>constructa</span> 
     </span>
     <span class='ocr_line' id='line_1_8' title="bbox 147 627 909 675; baseline -0.009 -12"><span class='ocrx_word' id='word_1_56' title='bbox 147 632 286 670; x_wconf 84' lang='lat' dir='ltr'>fuerint,</span> <span class='ocrx_word' id='word_1_57' title='bbox 308 630 379 675; x_wconf 87' lang='lat' dir='ltr'>jure</span> <span class='ocrx_word' id='word_1_58' title='bbox 401 630 582 671; x_wconf 88' lang='lat' dir='ltr'>meritoque</span> <span class='ocrx_word' id='word_1_59' title='bbox 602 639 667 659; x_wconf 88' lang='lat' dir='ltr'>esse</span> <span class='ocrx_word' id='word_1_60' title='bbox 690 627 909 658; x_wconf 88' lang='lat' dir='ltr'>referendum.</span> 
     </span>
    </p>

    <p class='ocr_par' dir='ltr' id='par_1_3' title="bbox 146 676 1483 1355">
     <span class='ocr_line' id='line_1_9' title="bbox 191 676 1480 726; baseline -0.008 -10"><span class='ocrx_word' id='word_1_61' title='bbox 191 685 319 717; x_wconf 85' lang='lat' dir='ltr'><strong>Etenim</strong></span> <span class='ocrx_word' id='word_1_62' title='bbox 351 685 383 715; x_wconf 91' lang='lat' dir='ltr'>in</span> <span class='ocrx_word' id='word_1_63' title='bbox 409 684 557 726; x_wconf 75' lang='lat' dir='ltr'><strong>praesenti</strong></span> <span class='ocrx_word' id='word_1_64' title='bbox 584 694 692 714; x_wconf 91' lang='lat' dir='ltr'>rerum</span> <span class='ocrx_word' id='word_1_65' title='bbox 716 687 896 712; x_wconf 88' lang='lat' dir='ltr'>nostrarum</span> <span class='ocrx_word' id='word_1_66' title='bbox 923 685 1007 710; x_wconf 87' lang='lat' dir='ltr'>statu</span> <span class='ocrx_word' id='word_1_67' title='bbox 1032 684 1152 710; x_wconf 85' lang='lat' dir='ltr'>erectos</span> <span class='ocrx_word' id='word_1_68' title='bbox 1177 677 1215 708; x_wconf 90' lang='lat' dir='ltr'>ad</span> <span class='ocrx_word' id='word_1_69' title='bbox 1246 677 1346 708; x_wconf 83' lang='lat' dir='ltr'>sidera</span> <span class='ocrx_word' id='word_1_70' title='bbox 1371 676 1480 708; x_wconf 80' lang='lat' dir='ltr'>vultus</span> 
     </span>
     <span class='ocr_line' id='line_1_10' title="bbox 147 731 1480 780; baseline -0.008 -10"><span class='ocrx_word' id='word_1_71' title='bbox 147 738 260 770; x_wconf 78' lang='lat' dir='ltr'>tollere</span> <span class='ocrx_word' id='word_1_72' title='bbox 290 737 487 780; x_wconf 81' lang='lat' dir='ltr'>impedimur</span> <span class='ocrx_word' id='word_1_73' title='bbox 513 736 593 767; x_wconf 79' lang='lat' dir='ltr'>aulae</span> <span class='ocrx_word' id='word_1_74' title='bbox 619 735 806 766; x_wconf 74' lang='lat' dir='ltr'>academicae</span> <span class='ocrx_word' id='word_1_75' title='bbox 829 734 1085 769; x_wconf 87' lang='lat' dir='ltr'>constructione,</span> <span class='ocrx_word' id='word_1_76' title='bbox 1113 731 1232 775; x_wconf 88' lang='lat' dir='ltr'>quippe</span> <span class='ocrx_word' id='word_1_77' title='bbox 1261 743 1351 774; x_wconf 85' lang='lat' dir='ltr'>quae,</span> <span class='ocrx_word' id='word_1_78' title='bbox 1381 731 1480 761; x_wconf 89' lang='lat' dir='ltr'>instar</span> 
     </span>
     <span class='ocr_line' id='line_1_11' title="bbox 149 784 1479 834; baseline -0.007 -11"><span class='ocrx_word' id='word_1_79' title='bbox 149 792 285 824; x_wconf 87' lang='lat' dir='ltr'>coenobii</span> <span class='ocrx_word' id='word_1_80' title='bbox 306 791 478 834; x_wconf 77' lang='lat' dir='ltr'>hispanici,</span> <span class='ocrx_word' id='word_1_81' title='bbox 505 790 629 821; x_wconf 90' lang='lat' dir='ltr'>duobus</span> <span class='ocrx_word' id='word_1_82' title='bbox 653 789 856 831; x_wconf 74' lang='lat' dir='ltr'>componitur</span> <span class='ocrx_word' id='word_1_83' title='bbox 876 787 1026 819; x_wconf 87' lang='lat' dir='ltr'>membris</span> <span class='ocrx_word' id='word_1_84' title='bbox 1051 785 1279 829; x_wconf 86' lang='lat' dir='ltr'>principalibus</span> <span class='ocrx_word' id='word_1_85' title='bbox 1299 785 1416 827; x_wconf 72' lang='lat' dir='ltr'>(corps</span> <span class='ocrx_word' id='word_1_86' title='bbox 1440 784 1479 815; x_wconf 79' lang='lat' dir='ltr'>de</span> 
     </span>
     <span class='ocr_line' id='line_1_12' title="bbox 149 837 1479 888; baseline -0.007 -12"><span class='ocrx_word' id='word_1_87' title='bbox 149 845 255 888; x_wconf 79' lang='lat' dir='ltr'>logis)</span> <span class='ocrx_word' id='word_1_88' title='bbox 281 844 319 875; x_wconf 88' lang='lat' dir='ltr'>ad</span> <span class='ocrx_word' id='word_1_89' title='bbox 342 844 506 875; x_wconf 79' lang='lat' dir='ltr'>meridiem</span> <span class='ocrx_word' id='word_1_90' title='bbox 532 837 628 886; x_wconf 71' lang='lat' dir='ltr'>atque</span> <span class='ocrx_word' id='word_1_91' title='bbox 648 843 898 885; x_wconf 77' lang='lat' dir='ltr'>septentrionem</span> <span class='ocrx_word' id='word_1_92' title='bbox 926 841 1073 879; x_wconf 77' lang='lat' dir='ltr'>directis,</span> <span class='ocrx_word' id='word_1_93' title='bbox 1100 839 1288 881; x_wconf 87' lang='lat' dir='ltr'>duabusque</span> <span class='ocrx_word' id='word_1_94' title='bbox 1314 838 1370 868; x_wconf 87' lang='lat' dir='ltr'>alis</span> <span class='ocrx_word' id='word_1_95' title='bbox 1395 838 1479 868; x_wconf 91' lang='lat' dir='ltr'>inter</span> 
     </span>
     <span class='ocr_line' id='line_1_13' title="bbox 149 892 1479 937; baseline -0.006 -9"><span class='ocrx_word' id='word_1_96' title='bbox 149 909 181 930; x_wconf 89' lang='lat' dir='ltr'>se</span> <span class='ocrx_word' id='word_1_97' title='bbox 206 898 373 937; x_wconf 76' lang='lat' dir='ltr'>connexis,</span> <span class='ocrx_word' id='word_1_98' title='bbox 397 898 561 927; x_wconf 78' lang='lat' dir='ltr'>Orientem</span> <span class='ocrx_word' id='word_1_99' title='bbox 584 903 616 927; x_wconf 84' lang='lat' dir='ltr'>et</span> <span class='ocrx_word' id='word_1_100' title='bbox 635 896 841 927; x_wconf 74' lang='lat' dir='ltr'>Occidentem</span> <span class='ocrx_word' id='word_1_101' title='bbox 864 893 1106 937; x_wconf 78' lang='lat' dir='ltr'>respicientibus</span> <span class='ocrx_word' id='word_1_102' title='bbox 1133 904 1169 923; x_wconf 86' lang='lat' dir='ltr'>ac</span> <span class='ocrx_word' id='word_1_103' title='bbox 1191 894 1223 923; x_wconf 91' lang='lat' dir='ltr'>in</span> <span class='ocrx_word' id='word_1_104' title='bbox 1247 892 1351 922; x_wconf 89' lang='lat' dir='ltr'>medio</span> <span class='ocrx_word' id='word_1_105' title='bbox 1374 902 1479 921; x_wconf 83' lang='lat' dir='ltr'>aream</span> 
     </span>
     <span class='ocr_line' id='line_1_14' title="bbox 149 944 1476 994; baseline -0.006 -13"><span class='ocrx_word' id='word_1_106' title='bbox 149 950 334 994; x_wconf 78' lang='lat' dir='ltr'>quadratam</span> <span class='ocrx_word' id='word_1_107' title='bbox 367 961 500 981; x_wconf 89' lang='lat' dir='ltr'>vacuam</span> <span class='ocrx_word' id='word_1_108' title='bbox 527 949 805 991; x_wconf 83' lang='lat' dir='ltr'>relinquentibus,</span> <span class='ocrx_word' id='word_1_109' title='bbox 842 949 874 978; x_wconf 92' lang='lat' dir='ltr'>in</span> <span class='ocrx_word' id='word_1_110' title='bbox 905 959 1002 990; x_wconf 87' lang='lat' dir='ltr'>quam</span> <span class='ocrx_word' id='word_1_111' title='bbox 1030 957 1138 977; x_wconf 86' lang='lat' dir='ltr'>omnes</span> <span class='ocrx_word' id='word_1_112' title='bbox 1173 945 1296 976; x_wconf 73' lang='lat' dir='ltr'>aedificii</span> <span class='ocrx_word' id='word_1_113' title='bbox 1325 944 1476 975; x_wconf 85' lang='lat' dir='ltr'>fenestrae</span> 
     </span>
     <span class='ocr_line' id='line_1_15' title="bbox 147 998 1479 1045; baseline -0.005 -11"><span class='ocrx_word' id='word_1_114' title='bbox 147 1004 243 1035; x_wconf 90' lang='lat' dir='ltr'>unice</span> <span class='ocrx_word' id='word_1_115' title='bbox 267 1009 387 1045; x_wconf 88' lang='lat' dir='ltr'>patent.</span> <span class='ocrx_word' id='word_1_116' title='bbox 417 1003 499 1034; x_wconf 91' lang='lat' dir='ltr'>Hinc</span> <span class='ocrx_word' id='word_1_117' title='bbox 525 1003 578 1041; x_wconf 82' lang='lat' dir='ltr'>fit,</span> <span class='ocrx_word' id='word_1_118' title='bbox 603 1008 641 1033; x_wconf 88' lang='lat' dir='ltr'>ut</span> <span class='ocrx_word' id='word_1_119' title='bbox 666 1002 765 1033; x_wconf 89' lang='lat' dir='ltr'>oculis</span> <span class='ocrx_word' id='word_1_120' title='bbox 787 1002 902 1032; x_wconf 85' lang='lat' dir='ltr'>nostris</span> <span class='ocrx_word' id='word_1_121' title='bbox 926 1012 990 1032; x_wconf 90' lang='lat' dir='ltr'>non</span> <span class='ocrx_word' id='word_1_122' title='bbox 1016 1000 1153 1042; x_wconf 86' lang='lat' dir='ltr'>amplius</span> <span class='ocrx_word' id='word_1_123' title='bbox 1174 998 1246 1029; x_wconf 81' lang='lat' dir='ltr'>coeli</span> <span class='ocrx_word' id='word_1_124' title='bbox 1267 998 1404 1040; x_wconf 84' lang='lat' dir='ltr'>spatium</span> <span class='ocrx_word' id='word_1_125' title='bbox 1426 1007 1479 1028; x_wconf 86' lang='lat' dir='ltr'>re-</span> 
     </span>
     <span class='ocr_line' id='line_1_16' title="bbox 147 1051 1478 1099; baseline -0.005 -12"><span class='ocrx_word' id='word_1_126' title='bbox 147 1056 272 1088; x_wconf 88' lang='lat' dir='ltr'>clusum</span> <span class='ocrx_word' id='word_1_127' title='bbox 299 1057 356 1096; x_wconf 89' lang='lat' dir='ltr'>sit,</span> <span class='ocrx_word' id='word_1_128' title='bbox 387 1067 483 1099; x_wconf 86' lang='lat' dir='ltr'>quam</span> <span class='ocrx_word' id='word_1_129' title='bbox 515 1055 601 1098; x_wconf 88' lang='lat' dir='ltr'>quod</span> <span class='ocrx_word' id='word_1_130' title='bbox 632 1056 683 1086; x_wconf 89' lang='lat' dir='ltr'>isti</span> <span class='ocrx_word' id='word_1_131' title='bbox 716 1066 798 1087; x_wconf 84' lang='lat' dir='ltr'>areae</span> <span class='ocrx_word' id='word_1_132' title='bbox 825 1054 987 1098; x_wconf 76' lang='lat' dir='ltr'>quadratae</span> <span class='ocrx_word' id='word_1_133' title='bbox 1013 1055 1112 1084; x_wconf 84' lang='lat' dir='ltr'>instar</span> <span class='ocrx_word' id='word_1_134' title='bbox 1136 1052 1295 1083; x_wconf 83' lang='lat' dir='ltr'>lacunaris</span> <span class='ocrx_word' id='word_1_135' title='bbox 1320 1051 1478 1082; x_wconf 84' lang='lat' dir='ltr'>imminet.</span> 
     </span>
     <span class='ocr_line' id='line_1_17' title="bbox 147 1106 1478 1152; baseline -0.005 -11"><span class='ocrx_word' id='word_1_136' title='bbox 147 1110 313 1149; x_wconf 79' lang='lat' dir='ltr'>Quamdiu</span> <span class='ocrx_word' id='word_1_137' title='bbox 334 1111 433 1152; x_wconf 87' lang='lat' dir='ltr'>igitur</span> <span class='ocrx_word' id='word_1_138' title='bbox 463 1109 592 1152; x_wconf 83' lang='lat' dir='ltr'>specula</span> <span class='ocrx_word' id='word_1_139' title='bbox 614 1110 822 1140; x_wconf 85' lang='lat' dir='ltr'>astronomica</span> <span class='ocrx_word' id='word_1_140' title='bbox 851 1108 1048 1147; x_wconf 81' lang='lat' dir='ltr'>carebimus,</span> <span class='ocrx_word' id='word_1_141' title='bbox 1078 1106 1284 1148; x_wconf 85' lang='lat' dir='ltr'>telescopium</span> <span class='ocrx_word' id='word_1_142' title='bbox 1312 1110 1478 1142; x_wconf 83' lang='lat' dir='ltr'>nostrum,</span> 
     </span>
     <span class='ocr_line' id='line_1_18' title="bbox 148 1158 1480 1206; baseline -0.005 -12"><span class='ocrx_word' id='word_1_143' title='bbox 148 1164 236 1206; x_wconf 85' lang='lat' dir='ltr'>quasi</span> <span class='ocrx_word' id='word_1_144' title='bbox 263 1163 362 1206; x_wconf 84' lang='lat' dir='ltr'>glebae</span> <span class='ocrx_word' id='word_1_145' title='bbox 391 1163 605 1205; x_wconf 81' lang='lat' dir='ltr'>adscriptum,</span> <span class='ocrx_word' id='word_1_146' title='bbox 629 1174 693 1193; x_wconf 91' lang='lat' dir='ltr'>non</span> <span class='ocrx_word' id='word_1_147' title='bbox 715 1163 831 1206; x_wconf 86' lang='lat' dir='ltr'>poterit</span> <span class='ocrx_word' id='word_1_148' title='bbox 856 1162 999 1194; x_wconf 87' lang='lat' dir='ltr'>adhiberi</span> <span class='ocrx_word' id='word_1_149' title='bbox 1025 1162 1084 1192; x_wconf 88' lang='lat' dir='ltr'>nisi</span> <span class='ocrx_word' id='word_1_150' title='bbox 1109 1159 1299 1191; x_wconf 84' lang='lat' dir='ltr'>lectionibus</span> <span class='ocrx_word' id='word_1_151' title='bbox 1321 1158 1480 1201; x_wconf 68' lang='lat' dir='ltr'>physicis,</span> 
     </span>
     <span class='ocr_line' id='line_1_19' title="bbox 147 1212 1480 1258; baseline -0.005 -11"><span class='ocrx_word' id='word_1_152' title='bbox 147 1216 205 1248; x_wconf 86' lang='lat' dir='ltr'>ubi</span> <span class='ocrx_word' id='word_1_153' title='bbox 231 1216 270 1247; x_wconf 91' lang='lat' dir='ltr'>de</span> <span class='ocrx_word' id='word_1_154' title='bbox 299 1217 519 1247; x_wconf 83' lang='lat' dir='ltr'>instrumentis</span> <span class='ocrx_word' id='word_1_155' title='bbox 548 1216 659 1258; x_wconf 81' lang='lat' dir='ltr'>opticis</span> <span class='ocrx_word' id='word_1_156' title='bbox 682 1216 865 1258; x_wconf 71' lang='lat' dir='ltr'>agendum,</span> <span class='ocrx_word' id='word_1_157' title='bbox 897 1227 973 1247; x_wconf 90' lang='lat' dir='ltr'>usus</span> <span class='ocrx_word' id='word_1_158' title='bbox 1001 1220 1107 1246; x_wconf 88' lang='lat' dir='ltr'>autem</span> <span class='ocrx_word' id='word_1_159' title='bbox 1131 1212 1332 1244; x_wconf 83' lang='lat' dir='ltr'>astronomici</span> <span class='ocrx_word' id='word_1_160' title='bbox 1358 1212 1480 1242; x_wconf 88' lang='lat' dir='ltr'>ratione</span> 
     </span>
     <span class='ocr_line' id='line_1_20' title="bbox 146 1266 1483 1312; baseline -0.004 -12"><span class='ocrx_word' id='word_1_161' title='bbox 146 1269 253 1301; x_wconf 88' lang='lat' dir='ltr'>habita</span> <span class='ocrx_word' id='word_1_162' title='bbox 281 1281 345 1300; x_wconf 92' lang='lat' dir='ltr'>non</span> <span class='ocrx_word' id='word_1_163' title='bbox 365 1269 497 1300; x_wconf 85' lang='lat' dir='ltr'>cessabit</span> <span class='ocrx_word' id='word_1_164' title='bbox 516 1268 605 1300; x_wconf 82' lang='lat' dir='ltr'>nobis</span> <span class='ocrx_word' id='word_1_165' title='bbox 625 1269 830 1312; x_wconf 86' lang='lat' dir='ltr'>suppeditare</span> <span class='ocrx_word' id='word_1_166' title='bbox 851 1269 1013 1300; x_wconf 85' lang='lat' dir='ltr'>materiam</span> <span class='ocrx_word' id='word_1_167' title='bbox 1038 1267 1137 1311; x_wconf 88' lang='lat' dir='ltr'>hujus</span> <span class='ocrx_word' id='word_1_168' title='bbox 1159 1266 1365 1309; x_wconf 80' lang='lat' dir='ltr'>querimoniae</span> <span class='ocrx_word' id='word_1_169' title='bbox 1386 1275 1483 1307; x_wconf 87' lang='lat' dir='ltr'>repe—</span> 
     </span>
     <span class='ocr_line' id='line_1_21' title="bbox 147 1313 1059 1355; baseline -0.008 0"><span class='ocrx_word' id='word_1_170' title='bbox 147 1323 251 1355; x_wconf 61' lang='lat' dir='ltr'>tendae</span> <span class='ocrx_word' id='word_1_171' title='bbox 267 1335 273 1353; x_wconf 71' lang='grc' dir='ltr'><strong><em>ι</em></strong></span> <span class='ocrx_word' id='word_1_172' title='bbox 659 1313 661 1316; x_wconf 44' lang='grc'>’</span> <span class='ocrx_word' id='word_1_173' title='bbox 1056 1321 1059 1323; x_wconf 86' lang='grc'><strong>’</strong></span> 
     </span>
    </p>

    <p class='ocr_par' dir='ltr' id='par_1_4' title="bbox 390 1375 1210 1415">
     <span class='ocr_line' id='line_1_22' title="bbox 390 1375 1210 1415; baseline -0.004 -11"><span class='ocrx_word' id='word_1_174' title='bbox 390 1375 470 1414; x_wconf 79' lang='lat' dir='ltr'>Quid</span> <span class='ocrx_word' id='word_1_175' title='bbox 482 1377 575 1414; x_wconf 78' lang='lat' dir='ltr'>juvat</span> <span class='ocrx_word' id='word_1_176' title='bbox 595 1376 745 1415; x_wconf 59' lang='lat' dir='ltr'>adspectus</span> <span class='ocrx_word' id='word_1_177' title='bbox 764 1376 833 1405; x_wconf 81' lang='lat' dir='ltr'>dum</span> <span class='ocrx_word' id='word_1_178' title='bbox 855 1387 910 1406; x_wconf 77' lang='lat' dir='ltr'>non</span> <span class='ocrx_word' id='word_1_179' title='bbox 932 1376 1094 1405; x_wconf 81' lang='lat' dir='ltr'>conceditur</span> <span class='ocrx_word' id='word_1_180' title='bbox 1116 1375 1210 1402; x_wconf 72' lang='lat' dir='ltr'>usus?</span> 
     </span>
    </p>
   </div>
   <div class='ocr_carea' id='block_1_2' title="bbox 806 1493 1385 1500">
    <p class='ocr_par' dir='ltr' id='par_1_5' title="bbox 806 1493 1385 1500">
     <span class='ocr_line' id='line_1_23' title="bbox 806 1493 1385 1500; baseline 0 0"><span class='ocrx_word' id='word_1_181' title='bbox 806 1493 1385 1500; x_wconf 95' lang='lat' dir='ltr'> </span> 
     </span>
    </p>
   </div>
   <div class='ocr_carea' id='block_1_3' title="bbox 648 1587 970 1619">
    <p class='ocr_par' dir='ltr' id='par_1_6' title="bbox 648 1587 970 1619">
     <span class='ocr_line' id='line_1_24' title="bbox 648 1587 970 1619; baseline 0 -1"><span class='ocrx_word' id='word_1_182' title='bbox 648 1587 843 1618; x_wconf 88' lang='lat' dir='ltr'>SECTIO</span> <span class='ocrx_word' id='word_1_183' title='bbox 899 1588 970 1619; x_wconf 78' lang='grc' dir='ltr'><strong>ΙΙΙ.</strong></span> 
     </span>
    </p>
   </div>
   <div class='ocr_carea' id='block_1_4' title="bbox 414 1684 1214 1716">
    <p class='ocr_par' dir='ltr' id='par_1_7' title="bbox 414 1684 1214 1716">
     <span class='ocr_line' id='line_1_25' title="bbox 414 1684 1214 1716; baseline 0 -12"><span class='ocrx_word' id='word_1_184' title='bbox 414 1685 634 1705; x_wconf 84' lang='lat' dir='ltr'>TELESCOPII</span> <span class='ocrx_word' id='word_1_185' title='bbox 679 1685 926 1706; x_wconf 84' lang='lat' dir='ltr'>UNIVERSALIS</span> <span class='ocrx_word' id='word_1_186' title='bbox 974 1684 1214 1716; x_wconf 61' lang='lat' dir='ltr'><strong>DESCRIJ’TIO·</strong></span> 
     </span>
    </p>
   </div>
   <div class='ocr_carea' id='block_1_5' title="bbox 730 1781 896 1787">
    <p class='ocr_par' dir='ltr' id='par_1_8' title="bbox 730 1781 896 1787">
     <span class='ocr_line' id='line_1_26' title="bbox 730 1781 896 1787; baseline 0 0"><span class='ocrx_word' id='word_1_187' title='bbox 730 1781 896 1787; x_wconf 95' lang='lat' dir='ltr'> </span> 
     </span>
    </p>
   </div>
   <div class='ocr_carea' id='block_1_6' title="bbox 147 1856 1481 2120">
    <p class='ocr_par' dir='ltr' id='par_1_9' title="bbox 147 1856 1481 2120">
     <span class='ocr_line' id='line_1_27' title="bbox 192 1856 1475 1906; baseline 0.002 -15"><span class='ocrx_word' id='word_1_188' title='bbox 192 1860 351 1904; x_wconf 82' lang='lat' dir='ltr'>Cogitanti</span> <span class='ocrx_word' id='word_1_189' title='bbox 365 1861 404 1892; x_wconf 91' lang='lat' dir='ltr'>de</span> <span class='ocrx_word' id='word_1_190' title='bbox 424 1856 563 1893; x_wconf 83' lang='lat' dir='ltr'>tollendo</span> <span class='ocrx_word' id='word_1_191' title='bbox 584 1863 775 1905; x_wconf 79' lang='lat' dir='ltr'>symmetriae</span> <span class='ocrx_word' id='word_1_192' title='bbox 794 1862 925 1894; x_wconf 87' lang='lat' dir='ltr'>defectu</span> <span class='ocrx_word' id='word_1_193' title='bbox 941 1863 974 1894; x_wconf 90' lang='lat' dir='ltr'>in</span> <span class='ocrx_word' id='word_1_194' title='bbox 989 1863 1151 1906; x_wconf 88' lang='lat' dir='ltr'>telescopii</span> <span class='ocrx_word' id='word_1_195' title='bbox 1167 1869 1230 1894; x_wconf 86' lang='lat' dir='ltr'>tam</span> <span class='ocrx_word' id='word_1_196' title='bbox 1248 1863 1475 1899; x_wconf 79' lang='lat' dir='ltr'>Lemairiani,</span> 
     </span>
     <span class='ocr_line' id='line_1_28' title="bbox 148 1916 1476 1960; baseline 0.002 -15"><span class='ocrx_word' id='word_1_197' title='bbox 148 1926 244 1957; x_wconf 83' lang='lat' dir='ltr'>quam</span> <span class='ocrx_word' id='word_1_198' title='bbox 273 1916 446 1956; x_wconf 79' lang='lat' dir='ltr'>anonymi,</span> <span class='ocrx_word' id='word_1_199' title='bbox 474 1917 709 1947; x_wconf 89' lang='lat' dir='ltr'>constructione</span> <span class='ocrx_word' id='word_1_200' title='bbox 739 1917 1069 1960; x_wconf 60' lang='lat' dir='ltr'>conspicuo,‘sponte</span> <span class='ocrx_word' id='word_1_201' title='bbox 1092 1928 1124 1948; x_wconf 88' lang='lat' dir='ltr'>se</span> <span class='ocrx_word' id='word_1_202' title='bbox 1150 1916 1266 1948; x_wconf 82' lang='lat' dir='ltr'>obtulit</span> <span class='ocrx_word' id='word_1_203' title='bbox 1290 1916 1476 1955; x_wconf 86' lang='lat' dir='ltr'>consilium,</span> 
     </span>
     <span class='ocr_line' id='line_1_29' title="bbox 149 1967 1478 2013; baseline 0.002 -15"><span class='ocrx_word' id='word_1_204' title='bbox 149 1967 240 1999; x_wconf 84' lang='lat' dir='ltr'>ambo</span> <span class='ocrx_word' id='word_1_205' title='bbox 271 1968 339 1999; x_wconf 86' lang='lat' dir='ltr'>haec</span> <span class='ocrx_word' id='word_1_206' title='bbox 371 1968 555 2012; x_wconf 83' lang='lat' dir='ltr'>telescopia,</span> <span class='ocrx_word' id='word_1_207' title='bbox 583 1975 736 2012; x_wconf 85' lang='lat' dir='ltr'>tanquam</span> <span class='ocrx_word' id='word_1_208' title='bbox 770 1981 867 2003; x_wconf 85' lang='lat' dir='ltr'>novas</span> <span class='ocrx_word' id='word_1_209' title='bbox 892 1971 1083 2003; x_wconf 88' lang='lat' dir='ltr'>accessiones</span> <span class='ocrx_word' id='word_1_210' title='bbox 1109 1970 1205 2002; x_wconf 88' lang='lat' dir='ltr'>simul</span> <span class='ocrx_word' id='word_1_211' title='bbox 1230 1969 1399 2013; x_wconf 83' lang='lat' dir='ltr'>adjiciendi</span> <span class='ocrx_word' id='word_1_212' title='bbox 1428 1975 1478 2001; x_wconf 87' lang='lat' dir='ltr'>te-</span> 
     </span>
     <span class='ocr_line' id='line_1_30' title="bbox 148 2020 1481 2068; baseline 0.004 -17"><span class='ocrx_word' id='word_1_213' title='bbox 148 2020 284 2064; x_wconf 84' lang='lat' dir='ltr'>lescopio</span> <span class='ocrx_word' id='word_1_214' title='bbox 306 2027 412 2053; x_wconf 87' lang='lat' dir='ltr'>nostro</span> <span class='ocrx_word' id='word_1_215' title='bbox 437 2023 669 2060; x_wconf 76' lang='lat' dir='ltr'>Rienksz&#39;ano,</span> <span class='ocrx_word' id='word_1_216' title='bbox 707 2023 795 2055; x_wconf 86' lang='lat' dir='ltr'>unde</span> <span class='ocrx_word' id='word_1_217' title='bbox 822 2025 897 2066; x_wconf 78' lang='lat' dir='ltr'>iste,</span> <span class='ocrx_word' id='word_1_218' title='bbox 928 2036 1025 2068; x_wconf 85' lang='lat' dir='ltr'>quam</span> <span class='ocrx_word' id='word_1_219' title='bbox 1054 2025 1156 2068; x_wconf 84' lang='lat' dir='ltr'>figura</span> <span class='ocrx_word' id='word_1_220' title='bbox 1182 2024 1262 2055; x_wconf 72' lang='lat' dir='ltr'>IX¹¹a</span> <span class='ocrx_word' id='word_1_221' title='bbox 1295 2034 1481 2066; x_wconf 67' lang='lat' dir='ltr'>expressum</span> 
     </span>
     <span class='ocr_line' id='line_1_31' title="bbox 147 2073 832 2120; baseline 0.009 -16"><span class='ocrx_word' id='word_1_222' title='bbox 147 2073 297 2115; x_wconf 77' lang='lat' dir='ltr'>exhibet,</span> <span class='ocrx_word' id='word_1_223' title='bbox 326 2076 559 2118; x_wconf 86' lang='lat' dir='ltr'>compositionis</span> <span class='ocrx_word' id='word_1_224' title='bbox 584 2083 679 2120; x_wconf 91' lang='lat' dir='ltr'>typus</span> <span class='ocrx_word' id='word_1_225' title='bbox 704 2078 832 2120; x_wconf 86' lang='lat' dir='ltr'>prodiit.</span> 
     </span>
    </p>
   </div>
  </div>
 </body>
</html>
