1809 2469
913 223 924 264 (
947 222 990 253 66
1014 222 1025 263 )

303 303 404 345 magis
425 299 672 332 communicatio
699 298 936 330 filamentorum
959 297 1042 327 inter
1070 306 1136 327 sese
1162 307 1230 327 rara
1254 296 1326 336 fiat3
1357 298 1400 327 ita
1426 303 1462 328 ut
1489 297 1634 330 filamen-

303 363 371 388 tum
394 356 532 398 spatium
554 353 657 398 majus
679 359 757 385 tunc
777 356 945 396 percurrat
966 355 1139 393 antequam
1161 350 1315 381 unionem
1336 349 1447 382 subeat
1468 363 1543 383 cum
1567 352 1635 384 aliis

302 409 470 441 filamentis
491 408 614 440 vicinis.

346 463 448 505 Igitur
473 461 564 493 nervi
584 461 641 503 qui
663 470 730 491 sese
755 457 907 490 musculis
930 456 1126 488 distribuunt
1150 463 1295 488 constant
1318 468 1357 488 ex
1378 457 1499 500 duplici
1524 458 1635 490 ordine

302 516 555 553 filamentorum,
586 525 724 556 quorum
751 512 887 555 quisque
916 517 1076 542 texturam
1099 510 1155 541 sibi
1183 512 1344 554 propriam
1369 512 1517 554 possidet.
1547 513 1579 544 Si
1602 514 1636 544 in

303 569 493 613 quibusdam
515 568 635 606 nervis,
656 567 713 609 qui
733 576 799 597 sese
817 566 850 595 in
867 564 1028 596 musculos
1046 564 1242 604 immittunt,
1264 565 1332 596 haec
1350 565 1528 605 filamenta,
1547 577 1636 597 com-

302 624 401 666 posita
426 621 648 653 tantummodo
670 632 708 651 ex
732 619 830 662 priori
855 618 985 657 ordine,
1015 623 1047 648 et
1073 617 1206 659 proinde
1231 618 1271 649 ad
1291 630 1388 650 unam
1415 619 1637 650 tantummodo

302 678 503 708 functionem
539 674 776 718 adimplendam
809 673 977 711 destinati,
1016 671 1244 711 inveniantur,
1276 671 1311 702 hi
1341 672 1479 703 musculi
1512 684 1638 716 semper

301 731 463 773 recipiunt
485 729 645 760 filanienta
658 723 780 759 ‘nervea
799 726 932 758 secundi
953 725 1089 764 ordinis,
1111 737 1126 756 a
1145 736 1244 757 nervo
1264 725 1403 768 quodam
1425 726 1545 765 vicino,
1566 737 1638 769 quae

301 785 469 828 separatim
490 795 556 815 sese
573 794 681 816 versus
702 782 791 813 hunc
809 780 992 812 musculum
1009 780 1167 823 dirigunt,
1188 778 1240 811 vel
1255 790 1327 822 quae
1345 790 1412 810 sese
1431 790 1530 812 nervo
1546 780 1639 823 prin·
1684 777 1686 779 ’

303 838 396 882 cipali
416 838 553 877 uniunt,
576 843 613 868 ut
633 836 730 868 simul
748 835 917 867 efforment
934 845 1088 873 nervum,
1111 834 1166 876 qni
1185 833 1301 864 deinde
1321 833 1355 864 in
1376 832 1443 877 ipsa
1464 833 1639 865 substantia

302 893 441 925 musculi
464 892 572 935 plures
596 891 840 922 ramificationes
864 889 1014 920 demittit.

346 948 452 978 Etiam
474 946 567 977 facile
584 945 769 976 observatur
784 943 870 986 quod
890 943 996 982 nervi,
1012 942 1068 985 qui
1088 940 1222 984 gangliis
1236 940 1459 980 instruuntur,
1476 940 1640 973 volumine

304 1012 360 1031 suo
391 1010 516 1042 semper
542 998 612 1029 illos
639 997 772 1028 secundi
797 997 916 1027 ordinis
946 1001 1161 1037 exsuperent3
1193 994 1344 1036 quodque
1371 995 1464 1026 nervi
1491 994 1640 1026 binarum

304 1055 466 1084 actionum
488 1051 583 1081 simul
607 1050 832 1088 conductores,
859 1049 938 1080 duos
960 1048 1105 1079 radicum
1131 1047 1257 1078 ordines
1278 1047 1474 1090 possideant,
1501 1059 1639 1090 quorum

304 1117 390 1137 unus
410 1116 467 1147 per
483 1103 647 1146 ganglium
668 1103 796 1140 transit,
811 1101 889 1132 dnm
904 1101 984 1131 alter
999 1100 1076 1130 ordo
1090 1111 1148 1142 per
1165 1100 1247 1131 illud
1264 1100 1399 1131 transire
1415 1111 1479 1131 non
1495 1101 1639 1141 videtur,

304 1158 468 1203 hujusque
489 1156 608 1188 ordinis
628 1156 761 1187 stamina
785 1165 927 1186 numerov
943 1164 1069 1197 semper
1092 1159 1167 1185 sunt
1188 1153 1351 1185 inferiora.

776 1300 940 1332 CAPUT
984 1299 1173 1331 NONUM.

325 1418 584 1447 EXTREMITAS
618 1417 844 1445 CENTRALIS
884 1415 1117 1445 NERVORUM
1151 1415 1621 1445 CEREBRo-SPINALIUM.

351 1528 466 1559 Vocari
485 1527 564 1558 solet
586 1527 674 1570 origo
695 1538 869 1559 nervorum
886 1526 1058 1565 illelmus,
1082 1525 1137 1558 ubi
1158 1526 1249 1571 nervi
1263 1537 1329 1558 sese
1345 1526 1552 1558 confundunt
1567 1537 1643 1558 cum

308 1594 408 1615 massa
431 1581 649 1624 encephalica:
678 1588 710 1612 at
732 1581 785 1612 illa
808 1593 868 1614 vox
892 1581 996 1624 origo,
1022 1592 1085 1611 non
1112 1581 1173 1611 nisi
1197 1580 1295 1611 relate
1322 1580 1362 1612 ad
1385 1581 1485 1623 ipsam
1509 1580 1643 1623 disposi-

308 1637 428 1668 tionem
450 1635 660 1667 anatomicam
681 1636 782 1678 accipi
803 1640 921 1678 potest,
942 1645 1082 1677 namque
1101 1645 1142 1665 ex
1163 1634 1227 1665 una
1244 1639 1334 1677 parte
1352 1635 1445 1665 nervi
1461 1634 1642 1664 formantur

310 1690 421 1721 eodem
448 1695 592 1732 tempore
613 1700 678 1731 quo
701 1688 887 1727 cerebrum,
913 1693 945 1718 et
966 1688 1009 1718 sic
1029 1693 1105 1719 sunt
1129 1689 1234 1731 potius
1258 1688 1469 1719 instrumenta
1495 1698 1643 1718 commu-

311 1744 478 1774 nicationis
497 1742 594 1785 hujus
612 1743 722 1784 organi
741 1754 815 1773 cum
832 1741 980 1773 omnibus
995 1741 1063 1772 aliis
1081 1742 1219 1784 corporis
1234 1741 1392 1785 partibus,
1413 1752 1510 1783 quam
1532 1751 1644 1772 revera
1672 1772 1676 1777 ,

309 1796 536 1839 productiones
557 1795 717 1826 ulterioris
736 1795 804 1838 ejus
822 1795 1024 1827 evolutionis.
1051 1796 1098 1825 Ex
1120 1795 1217 1826 altera
1237 1801 1326 1838 parte
1346 1795 1371 1825 si
1387 1793 1588 1825 attendamus
1604 1793 1643 1825 ad

311 1851 494 1882 functiones
521 1849 607 1881 illius
634 1850 731 1892 partis
758 1849 934 1893 systematis
963 1849 1087 1881 nervosi
1103 1873 1110 1887 ‚
1147 1860 1219 1892 quae
1244 1848 1374 1880 relativa
1400 1853 1447 1878 est
1470 1847 1510 1879 ad
1535 1858 1645 1879 sensa—-

312 1906 429 1943 tiones,
462 1903 607 1936 videmus
633 1903 719 1946 quod
754 1914 771 1934 e
799 1910 908 1935 contra
932 1904 1114 1934 terminatio
1145 1903 1179 1933 in
1206 1902 1373 1933 cerebrum
1398 1902 1583 1933 inveniatur
1612 1907 1644 1933 et

312 1959 400 2000 origo
425 1957 464 1988 ad
484 1963 607 2000 partem
631 1956 832 1987 exteriorem.
860 1957 911 1988 An
932 1968 996 1988 non
1022 1956 1157 1988 dicitur:
1181 1956 1251 1987 talis
1275 1967 1394 1988 nervus
1419 1966 1527 1987 versus
1548 1954 1645 1986 talem

313 2018 436 2055 partem
453 2011 611 2054 procedit,
632 2011 757 2042 arteriae
776 2022 842 2042 sese
857 2011 1016 2054 dirigunt,
1037 2015 1244 2054 proserpunt,
1263 2015 1340 2049 etc.,
1362 2015 1424 2040 etc.
1444 2019 1515 2051 quae
1536 2019 1646 2040 omnes
