1809 2469
159 279 251 310 facile
272 289 311 309 ex
336 279 373 309 iis
393 278 609 320 intelligetur,
636 288 706 319 quae
728 277 817 318 prius
842 277 880 306 de
902 276 1071 319 telescopio
1104 277 1328 319 Gregoriano,
1364 278 1484 308 Casse-

154 332 333 374 grainiano
357 338 389 362 et
412 332 624 362 Lemairiano
646 330 785 371 exposita
811 329 916 367 fuere,
942 341 1016 360 cum
1038 330 1147 371 figurae
1165 331 1287 360 intuitu
1308 330 1437 361 collatis.

203 394 287 424 VIII.
328 394 506 435 Telescopii
545 393 768 429 universalis,
800 404 816 422 a
845 392 934 423 nobis
974 393 1122 434 deinceps
1156 393 1374 435 proponendi,
1404 394 1483 424 ratio

159 447 273 489 exigit,
298 453 334 477 ut
353 447 438 477 illius
454 446 697 488 descriptionem
719 446 876 488 praecedat
895 446 1054 488 telescopii
1070 446 1273 477 Rienksiani
1286 446 1481 489 explanatio,

160 498 200 530 ad
221 510 317 541 quam
336 500 435 541 igitur
454 510 558 537 nunc,
582 498 670 530 nulla
693 510 781 530 mora
802 500 1001 542 interposita,
1026 498 1238 529 transibimus.

673 711 866 742 SECTIO
921 713 968 743 ΙΙ.

436 817 654 837 TELESCOPII
699 818 914 838 RIENKSIANI
959 819 1194 839 DESCRIPTIO.

200 999 283 1031 Ante
312 1000 372 1031 hoc
397 1000 589 1031 decennium
618 1001 650 1031 in
682 1002 767 1041 vico,
798 1003 969 1033 Bet-licum
998 1003 1102 1042 dicto,
1132 1014 1231 1045 prope
1260 1002 1481 1033 Leovczrcliam

156 1052 190 1082 in
212 1053 329 1082 Frisia
353 1052 417 1083 duo
443 1053 555 1083 fratres
580 1053 757 1096 degebant,
779 1056 908 1085 nomine
927 1056 1072 1092 Rienks,
1101 1055 1217 1097 quibus
1241 1055 1393 1086 sollemne
1415 1061 1482 1085 erat

785 1117 842 1145 Ubi
857 1128 931 1155 pars
955 1119 1077 1155 optatior
1096 1119 1168 1145 anni

431 1163 561 1197 Amisit,
584 1170 741 1203 terramque
762 1167 861 1193 aestiva
883 1166 942 1195 luce
964 1166 1100 1199 reclusit,

155 1227 287 1264 paterna
313 1233 388 1253 rura
413 1221 513 1253 bobus
540 1233 689 1253 exercere
714 1224 800 1262 suis·⁷

392 1283 452 1311 Aet
474 1285 525 1311 ubi
547 1286 640 1312 tristis
663 1285 777 1321 hyems,
800 1287 878 1313 niveo
900 1286 1037 1314 velamine
1060 1293 1167 1315 terram

394 1332 584 1360 Canstrietam
606 1333 763 1366 involvens,
785 1344 887 1361 eureus
908 1335 1049 1362 retinebat
1074 1346 1233 1373 aquarum,

156 1391 196 1422 ad
217 1396 414 1421 recreantem
436 1391 499 1422 foci
521 1397 662 1434 teporem
681 1402 713 1422 se
734 1392 893 1434 recipere,
916 1398 949 1423 et
970 1393 1032 1434 otia¹
1050 1404 1067 1423 a
1087 1393 1154 1423 Deo
1175 1393 1256 1423 facta
1277 1393 1480 1423 conficiendis

155 1443 375 1474 instrumentis
394 1443 549 1486 physiciS‚
576 1455 611 1474 ac
631 1444 793 1486 praecipue
816 1445 945 1486 opticis‚
969 1445 1166 1487 impendere.

197 1496 238 1527 Hi
264 1496 444 1536 duumviri,
470 1508 605 1539 quorum
628 1497 782 1536 alterum,
812 1498 875 1540 jam
904 1498 1034 1529 biennio
1058 1498 1173 1529 abhinc
1201 1504 1392 1540 praematuro
1414 1499 1479 1529 fato

154 1548 244 1580 nobis
266 1555 412 1591 ereptum
434 1549 597 1592 lugemus,
623 1556 728 1581 aestate
750 1552 825 1581 anni
846 1552 987 1583 vicesimi
1005 1551 1102 1595 hujus
1126 1552 1224 1582 seculi
1250 1552 1424 1583 GUILIELMO
1449 1552 1479 1590 I,

153 1601 326 1644 Belgarum
345 1602 443 1644 Regi,
463 1602 650 1633 obtulerunt
670 1602 875 1645 telescopinm
894 1604 976 1634 socia
995 1615 1088 1646 opera
1107 1604 1144 1635 ab
1160 1604 1233 1646 ipsis
1248 1603 1478 1642 fabrefactum,

154 1654 263 1698 cujus,
288 1665 305 1685 e
325 1654 448 1686 duabus
469 1651 612 1697 partibus
632 1657 780 1698 oppositis
800 1658 875 1696 visi,
896 1658 1083 1689 iconismum
1108 1657 1237 1688 exhibet
1257 1657 1335 1688 Tab.
1354 1658 1368 1688 Ι
1388 1663 1420 1688 et
1438 1658 1477 1687 ΙΙ.

154 1706 223 1737 Rex
243 1708 484 1750 augustissimus
504 1708 606 1750 regia,
623 1719 685 1750 qua
706 1709 784 1740 solet
799 1710 863 1748 uti,
887 1711 1103 1742 munificentia
1119 1711 1326 1741 dexterrimus
1345 1711 1479 1740 artifices

155 1759 305 1801 agricolas
325 1765 564 1798 remuneratus,
584 1759 689 1803 jussit,
710 1768 747 1793 ut
762 1762 822 1793 hoc
840 1764 1090 1795 instrumentum
1116 1764 1269 1794 Gandam
1289 1763 1479 1795 transferre-

155 1817 226 1850 tur,
259 1818 291 1842 et
314 1818 480 1855 postquam
504 1812 548 1843 ibi
571 1814 655 1844 inter
678 1815 846 1847 innumera
866 1816 926 1847 alia
952 1828 1067 1859 opera,
1090 1817 1257 1859 belgarum
1280 1817 1399 1847 civium
1425 1816 1478 1846 in—

154 1863 273 1894 dustria
289 1865 323 1894 in
341 1865 435 1896 rebus
449 1865 602 1896 technicis
618 1866 745 1906 effecta,
766 1879 824 1910 per
837 1874 992 1900 statutum
1004 1875 1133 1911 tempus
1148 1869 1277 1911 publico
1293 1869 1475 1910 conspectui

154 1917 335 1958 expositum
356 1918 482 1958 fuisset,
508 1919 542 1949 in
567 1921 847 1952 armamentarium
872 1922 1039 1965 physicum
1063 1928 1177 1953 nostrae
1196 1922 1379 1960 academiae,
1403 1926 1476 1951 tan-

152 1980 248 2011 quam
269 1977 491 2003 ornamentum
510 1973 727 2014 praecipuum,
753 1974 848 2016 regiae
868 1974 1045 2006 clementiae
1063 1980 1232 2017 acceptum
1249 1972 1473 2012 referendum,

152 2022 309 2053 transiret.
