1809 2469
747 212 859 254 (39)

141 296 200 326 bus
222 293 288 335 (a),
315 293 332 323 a
351 291 550 325 Lamberto,
577 285 687 318 sectori
711 283 864 325 dioptrico
888 281 951 323 (b),
988 281 1004 311 ὲ
1036 279 1224 314 Brandero,
1257 277 1462 308 Goniometro

143 346 424 389 amphidioptrico,
444 340 668 382 Planisphaerio
695 335 918 377 astrognostico
944 332 1137 375 aequatoriali
1155 331 1213 373 (c),
1236 336 1314 368 etc.,
1345 329 1362 359 ἐι
1387 328 1462 370 plu-

144 400 232 432 ribus
253 397 451 440 francogallis
475 401 506 425 et
526 391 682 436 germanis
705 387 892 425 artificibus,
916 386 1128 416 Goniometris
1144 382 1350 414 circularibus
1371 392 1464 423 repe-

145 453 307 490 titoribus,
324 457 383 482 etc.
401 451 444 480 ita
463 446 608 489 quidem,
629 449 666 474 ut
684 453 777 473 nemo
798 441 941 471 omnium
959 439 1095 470 Hevelii
1111 438 1304 468 mentionem
1322 445 1466 476 unquam

145 506 302 549 injecerit.
340 501 439 543 Cujus
463 499 592 542 quidem
615 497 661 528 rei
685 506 776 526 eausa
798 494 831 524 in
856 495 893 524 iis
914 491 1083 535 qnaerenda
1105 490 1249 528 videtur,
1282 499 1352 530 qnae
1374 488 1467 528 inge-

147 569 232 590 nuus
254 562 363 587 auctor
394 554 460 596 ipse
489 552 527 582 de
557 562 613 581 suo
644 551 856 580 instrumento
883 545 1015 576 candide
1042 544 1143 586 aperit
1175 543 1282 573 dicens
1316 539 1465 582 (Proleg.

147 611 332 651 Selenogr.,
366 619 398 649 p.
423 605 509 646 24);
559 603 731 634 »libenter
765 599 923 638 concedo,
958 597 1110 628 fabricam
1149 595 1235 638 ejus,
1272 593 1470 634 introspectis

150 676 168 695 ))
193 661 342 694 omnibns
368 658 529 702 partibus,
556 667 620 687 non
648 666 714 686 esse
744 653 913 685 admodum
944 662 1126 694 operosam,
1163 660 1222 679 nec
1253 647 1471 677 inventionem

150 729 169 748 ))
193 715 261 759 ejus
291 714 367 744 adeo
396 712 501 753 magni
528 709 695 747 momenti,
727 719 782 745 e0‚
809 706 894 748 quod
919 716 956 736 ex
981 703 1144 746 partibus,
1179 700 1351 731 artificibus
1372 699 1472 735 notis,

152 781 170 800 ))
196 769 235 799 sit
257 763 497 808 compositutn.''
528 762 588 793 Sed
608 762 654 792 his
675 772 747 791 mox
770 759 873 790 addit:
902 770 919 789 ))
935 758 980 787 Ea
1002 762 1131 799 propter
1154 765 1241 792 vero,
1264 752 1314 784 vel
1336 751 1473 781 maxime

154 834 172 852 ))
196 821 256 851 hoc
292 821 359 861 ipso
383 817 528 855 nomine,
559 825 591 845 se
616 825 680 844 non
713 823 827 855 parum
852 809 1072 847 commendat,
1101 807 1187 850 quod
1219 805 1312 836 facile
1342 802 1475 846 parabili

154 886 172 905 s>
196 874 317 904 ratione
340 875 537 901 exstructum
566 867 661 909 possit
686 865 825 903 efficere,
854 863 938 905 quod
966 862 1005 893 ab
1029 861 1096 892 aliis
1117 858 1355 896 instrumentis,
1382 856 1476 898 longe

152 939 171 958 ))
195 925 304 968 majori
329 935 423 966 opera
446 928 479 953 et
499 927 609 952 sumtu
633 919 798 956 confectis,
824 918 942 948 frustra
968 912 1163 958 exspectes.’'

196 999 236 1028 ΙΙ.
271 997 308 1027 Τ.
335 995 597 1037 Hugenianum,
627 993 708 1022 circa
729 1002 848 1021 annum
867 989 948 1020 1651
963 989 1011 1030 (d)
1029 989 1212 1023 inventum,
1231 984 1269 1015 ab
1292 984 1477 1014 Hevelicmo

154 1063 191 1083 eo
212 1050 334 1088 differt,
362 1047 447 1090 quod
465 1045 630 1088 speculum
655 1044 786 1086 planum
807 1043 856 1074 uti
879 1043 913 1072 in
939 1042 1110 1084 posteriore
1135 1039 1214 1070 lenti
1243 1037 1363 1068 oculari
1383 1041 1479 1078 atque

155 1103 334 1147 objectivae,
355 1102 398 1131 ita
416 1101 448 1130 in
470 1100 573 1141 priore
593 1098 673 1128 lenti
691 1096 812 1127 oculari
832 1101 928 1136 atque
950 1093 1042 1124 oculo
1061 1090 1265 1134 interjectum
1288 1095 1344 1120 est.
1368 1089 1480 1129 Itaque

156 1157 281 1189 definiri
309 1160 432 1197 potest,
460 1152 546 1195 quod
572 1152 612 1182 sit
639 1150 844 1191 telescopinm
876 1147 1117 1188 Keplerianum
1153 1155 1244 1175 axem
1273 1142 1393 1173 habens
1421 1140 1480 1171 sub

157 1209 274 1252 angulo
296 1213 382 1238 recto
403 1206 558 1243 fractum,
581 1204 624 1234 ita
645 1209 682 1234 ut
701 1202 781 1233 radii
806 1213 822 1231 a
843 1201 929 1240 lente
949 1199 1070 1231 oculari
1091 1209 1154 1229 non
1180 1198 1316 1235 directe,
1342 1195 1397 1226 sed
1423 1194 1481 1225 de—

158 1273 248 1295 mum
270 1267 339 1303 post
353 1259 574 1297 reflexionem,
593 1256 631 1287 ab
653 1254 819 1298 interjecto
841 1253 969 1297 speculo
987 1252 1081 1295 plano
1100 1251 1261 1289 effectam,
1287 1249 1326 1279 ad
1351 1247 1480 1279 oculum

157 1315 356 1359 perveniant.

202 1369 332 1410 Quippe
355 1365 561 1407 fingenius,
587 1362 678 1400 licet,
701 1361 749 1392 uti
774 1359 994 1397 Geometram,
1022 1357 1190 1399 sagacitate
1209 1361 1241 1385 et
1264 1352 1484 1396 penetratione

159 1421 243 1453 nulli
271 1418 465 1457 secundum,
493 1415 641 1454 decebat,
666 1420 699 1445 et
719 1413 899 1444 theoreticis
920 1410 1115 1453 argumentis
1140 1414 1171 1439 et
1189 1407 1281 1450 praxi
1305 1405 1485 1437 felicissima

160 1475 345 1512 convictus,
369 1470 575 1513 telescopium
601 1467 847 1500 astronomicum
870 1466 904 1495 in
929 1462 1299 1506 generesdioptricorum
1323 1469 1388 1490 esse
1414 1469 1485 1488 om-

162 1529 252 1559 nium
269 1532 347 1557 tunc
368 1523 517 1566 temporis
538 1521 736 1564 cognitorum
756 1518 1040 1561 perfectissimum,
1062 1514 1259 1546 dissimulare
1279 1523 1343 1543 non
1363 1516 1485 1554 poterat

161 1591 289 1612 sensum
317 1576 491 1620 gravissimi
515 1575 602 1605 illius
625 1572 818 1604 incommodi
845 1582 883 1602 ex
911 1571 1036 1602 inverso
1064 1568 1211 1610 imaginis
1245 1567 1308 1597 situ
1336 1563 1485 1602 oriundi,

163 1645 246 1676 quo,
275 1632 309 1662 in
330 1628 531 1661 observandis
553 1627 681 1669 objectis
706 1624 925 1663 terrestribus,
951 1633 1035 1665 saepe
1058 1621 1266 1663 impedimur,
1293 1630 1356 1661 quo
1382 1617 1486 1648 minus

164 1687 283 1729 objecta
302 1693 525 1726 agnoscamuS,
548 1687 580 1712 et
605 1686 757 1723 praeterea
777 1677 972 1720 experientia
996 1675 1127 1707 edoctus
1146 1679 1229 1712 erat,
1248 1672 1336 1703 hunc
1356 1680 1488 1702 naevum

165 1740 319 1770 vitrorum
345 1734 608 1776 multiplicatione
629 1733 696 1764 tolli
718 1744 783 1763 non
806 1742 895 1774 posse
917 1731 993 1761 citra
1019 1728 1148 1760 taedium
1171 1726 1336 1757 diminutae
1361 1723 1488 1754 clarita-

166 1795 205 1824 tis
227 1791 424 1833 imaginum,
460 1787 627 1829 campique
654 1786 780 1818 visionis
806 1783 954 1815 coarctati
982 1788 1014 1813 et
1043 1787 1145 1812 auctae
1171 1778 1242 1810 tubi
1267 1776 1487 1820 longitudinis.

172 1850 1478 1873 βέρβ-

210 1905 256 1932 (a)
272 1904 363 1926 Lettres
381 1901 583 1930 astronomiq-ues,
599 1907 643 1929 par
661 1900 723 1921 Jean
742 1898 882 1921 Ber-noum.
901 1896 994 1924 Berlin,
1018 1902 1082 1924 177¹-
1104 1893 1131 1916 P.
1150 1893 1189 1915 81.

212 1944 258 1973 (b)
273 1941 456 1966 Observationes
467 1941 496 1962 de
507 1939 665 1962 micrometris
680 1937 764 1961 vitreis
778 1935 948 1959 Branderianis
962 1934 1062 1965 (germ.)
1072 1931 1297 1964 Augustae-Vindel.
1305 1947 1314 1958 ,
1324 1930 1388 1959 1769.
1398 1928 1424 1950 Ρ.
1436 1935 1472 1957 29.

213 1984 255 2012 (c)
273 1980 405 2011 Descriptio
422 1980 546 2009 utriusque
560 1977 715 2001 instrumenti
732 1976 836 2007 (germ.)
854 1973 1093 2005 Augustae-Viudel.‚
1112 1979 1168 2001 ¹772
1184 1975 1208 1993 et
1226 1970 1290 1998 ¹775·

212 2022 257 2052 (cl)
273 2021 332 2045 Vid.
351 2020 464 2050 Hugem'i
479 2019 549 2048 Vita,
570 2018 674 2047 Operum
694 2024 707 2039 a
721 2016 888 2040 Gravesaadio
905 2013 1034 2037 editorum.
1051 2010 1183 2037 Votumiai
1195 2010 1274 2041 primo
1291 2007 1411 2038 prefixa}
1426 2016 1453 2037 p.
1467 2015 1490 2029 2.
