1809 2469
928 243 1040 286 (38)

324 320 498 353 infantibus
528 317 669 349 neonat-is
699 317 839 349 canalem
867 318 901 347 in
933 316 1056 359 singula
1088 316 1191 347 media
1221 322 1310 359 parte
1342 316 1464 348 laterali
1497 316 1643 349 medullae

325 374 541 405 observarunt.
568 372 608 402 Hi
630 370 753 402 canales
773 371 932 413 incipiunt
951 371 984 400 in
1006 370 1134 412 regione
1155 369 1292 401 lumbari
1314 376 1347 401 et
1365 371 1593 402 continuantur
1612 372 1646 403 in

325 425 562 469 protuberantia
581 423 748 462 cerebrali,
772 423 829 454 sub
853 423 1025 454 tuberculis
1047 422 1309 465 qnadrigeminis,
1330 423 1362 453 in
1381 423 1570 465 pedunculis
1590 434 1646 455 ce-

326 479 408 510 rebri
433 485 464 509 et
483 488 583 520 usque
605 477 644 508 ad
665 476 825 507 colliculos
846 477 979 517 optic05,
1005 476 1037 505 in
1062 487 1199 517 quorum
1222 483 1311 519 parte
1334 477 1457 508 interna
1478 478 1645 508 cavitatem

326 532 509 569 ess'orniant‚
534 541 622 572 quoe,
650 530 724 560 dum
748 528 940 568 insufflatur,
967 528 1117 560 volumen
1142 530 1233 560 nucis
1258 529 1464 572 amygdalinae
1489 529 1644 572 adaequat.

327 584 374 615 Cl.
399 584 533 625 Cloquet
557 582 719 613 contendit
744 583 837 612 etiam
863 592 928 611 sese
955 592 1027 612 cum
1053 591 1199 612 successu
1227 582 1280 612 illa
1308 583 1341 612 111
1367 582 1447 612 1111115
1474 582 1646 614 individuis

326 643 530 680 prosecutum
551 636 658 666 fuisse.
683 635 950 673 Circumstantiae,
969 636 1002 664 in
1025 633 1141 676 quibus
1161 634 1200 664 cl.
1218 635 1290 665 Gall
1305 641 1336 665 et
1350 635 1455 665 Portal
1473 634 1541 665 illas
1561 636 1647 666 cavi-

327 696 405 721 tates
429 690 639 728 invenerunt,
669 694 714 718 sat
740 687 866 719 abunde
892 687 1122 726 demonstrant,
1148 687 1202 718 has
1228 687 1267 718 ab
1290 687 1454 719 effectibus
1478 699 1563 719 mere
1589 700 1648 731 pa—

326 744 491 786 thologicis
506 742 675 785 productas
686 742 793 772 fuisse.
820 741 934 779 Quoad
948 741 1178 772 observationes
1198 753 1214 771 a
1230 741 1302 771 Gall
1316 742 1503 783 propositas,
1520 741 1647 772 nullum

327 797 420 828 datur
441 796 576 827 dubium
598 796 676 838 quin
698 795 821 825 canales
844 794 878 825 hi
898 800 965 824 arte
989 793 1112 824 fuerint
1136 794 1256 832 effecti,
1283 805 1382 836 quum
1406 795 1472 836 ipse
1493 794 1647 833 fateatur,

328 849 413 892 quod
429 860 492 879 non
511 848 630 891 possint
650 847 873 886 demonstrari,
895 847 955 877 nisi
973 846 1142 877 resecando
1163 846 1352 885 medullam,
1373 857 1409 877 ea
1431 847 1565 885 ratione,
1585 847 1649 889 qua

328 904 381 933 aer
401 901 440 933 ad
456 902 633 932 distantiam
655 912 709 931 sex
731 900 781 932 vel
805 906 874 930 octo
894 900 1052 931 linearum
1073 900 1249 930 insufflatus
1270 900 1379 931 fuerit.
1402 900 1649 942 Superficierum

329 956 439 987 levitas
469 965 645 997 earumque
670 966 687 984 a
711 964 744 984 se
768 954 905 985 invicem
933 964 1071 984 recessus
1100 959 1248 984 caeterum
1280 953 1369 984 nullo
1399 953 1490 984 modo
1517 952 1651 995 probant

328 1008 528 1040 existentiam
546 1007 664 1038 realem
684 1007 798 1037 horum
814 1006 989 1045 canalium,
1010 1017 1110 1047 quum
1132 1006 1281 1044 facilitas,
1298 1006 1360 1047 qua
1377 1006 1649 1046 demonstrantur,

329 1072 454 1104 semper
475 1062 509 1091 in
530 1061 651 1091 ratione
671 1059 789 1090 directa
811 1060 850 1089 sit
871 1070 944 1089 cum
967 1058 1098 1089 mollitie
1119 1058 1277 1089 medullae.

373 1114 420 1145 Cl.
446 1113 643 1144 Tiedemann
663 1112 711 1154 (1)
733 1112 795 1150 ait,
823 1111 908 1154 quod
931 1111 1070 1142 medulla
1093 1111 1220 1153 spinalis
1241 1117 1446 1153 repraesentet
1470 1111 1650 1153 cylindrum

330 1180 442 1199 cavum
452 1191 460 1206 ,
477 1166 568 1208 cujus
583 1166 717 1208 parietes
732 1171 843 1196 tenues
858 1171 1035 1196 antrorsum
1052 1170 1084 1195 et
1100 1164 1247 1195 deorsum
1266 1174 1374 1196 versus
1394 1163 1604 1195 reflectuntur
1619 1170 1652 1195 et

330 1221 421 1264 cujus
441 1231 511 1263 pars
528 1219 681 1262 posterior
699 1224 881 1261 aperturam
903 1217 995 1248 offert
1015 1216 1293 1259 longitudinalem.
1320 1217 1466 1259 Namque
1483 1223 1654 1250 excavatur

331 1275 429 1306 ductu
452 1273 606 1316 quodam,
632 1273 688 1315 qui
706 1272 835 1302 nomine
860 1272 989 1301 canalis
1011 1271 1176 1301 medullae
1198 1271 1342 1311 spinalis
1370 1270 1565 1312 designatur.
1593 1271 1653 1302 Hic

331 1327 446 1359 canalis
475 1328 507 1357 in
537 1332 601 1356 tota
628 1324 726 1368 hujus
750 1324 886 1367 cylindri
910 1323 1110 1366 longitudine
1136 1329 1264 1365 regnat,
1294 1329 1326 1354 et
1351 1325 1566 1354 communicat
1593 1335 1652 1366 ope

331 1381 442 1412 calami
459 1379 615 1422 scriptorii
636 1389 710 1409 cum
731 1383 844 1420 quarto
859 1376 1052 1415 ventriculo,
1072 1376 1146 1418 qui,
1162 1377 1268 1407 stricte
1283 1376 1458 1419 loquendo,
1480 1376 1549 1420 ejus
1571 1376 1652 1408 dila-

330 1434 483 1464 tationem
505 1432 678 1463 constituit.
705 1430 764 1461 Hic
783 1430 899 1461 canalis
917 1442 981 1461 non
1002 1429 1103 1461 nihilo
1123 1430 1274 1473 majorem
1295 1430 1538 1473 amplitudinem
1556 1430 1652 1462 habet

331 1489 366 1518 in
387 1486 462 1517 locis
483 1485 539 1517 ubi
560 1485 699 1517 medulla
718 1486 808 1527 quasi
827 1485 1040 1516 intumescere
1060 1484 1204 1523 videtur,
1225 1484 1273 1514 uti
1291 1483 1324 1514 id
1343 1483 1553 1515 animadverti
1570 1484 1654 1515 valet

332 1540 372 1571 ad
395 1539 549 1582 originem
573 1549 762 1577 nervorum,
786 1539 820 1569 111
844 1538 1003 1569 musculos
1024 1538 1263 1569 extremitatum
1285 1536 1494 1579 pectoralium
1509 1543 1542 1567 et
1556 1536 1653 1568 abdo-

331 1592 516 1630 minalium‚
537 1591 789 1622 distributorum.
817 1591 884 1633 Ego
899 1591 965 1633 ipse
980 1590 1109 1633 quidem
1131 1591 1164 1621 in
1185 1590 1324 1621 medulla
1344 1589 1457 1632 spinali
1477 1590 1553 1629 viri,
1572 1602 1653 1633 qua—

334 1646 478 1687 draginta
502 1655 600 1675 annos
620 1644 703 1683 nati,
734 1655 830 1686 quam
860 1645 976 1686 praevie
1001 1644 1035 1674 in
1057 1643 1177 1675 alkoole
1200 1643 1420 1675 macerandam
1446 1654 1651 1683 curaveram,

333 1698 421 1729 hunc
443 1696 584 1727 canalem
609 1695 783 1729 observavi.

378 1749 581 1781 Memorabile
603 1755 649 1780 est
668 1749 754 1792 quod
772 1749 887 1780 canalis
902 1749 1051 1781 medullae
1066 1755 1245 1780 constanter
1266 1754 1298 1779 et
1317 1759 1375 1790 per
1394 1753 1492 1779 totam
1511 1748 1653 1779 animalis

334 1804 432 1835 vitam
453 1803 565 1833 existat
583 1802 617 1832 in
636 1801 790 1844 piscibus,
807 1802 973 1844 reptilibus
991 1808 1023 1833 et
1036 1802 1157 1835 avibus.
1179 1801 1226 1832 Cl.
1243 1800 1343 1833 vaelf
1354 1801 1400 1843 (2)
1415 1800 1507 1831 illum
1524 1801 1653 1844 insuper

334 1856 458 1887 invenit
478 1857 511 1886 in
532 1854 709 1898 junioribus
730 1854 880 1894 canibus,
906 1856 1024 1898 porcis,
1049 1856 1155 1898 equis⁷
1179 1861 1256 1894 etc.,
1278 1860 1357 1893 etc„
1381 1860 1413 1884 et
1435 1853 1597 1885 contendit
1620 1865 1652 1885 se

336 1908 405 1939 illos
424 1907 560 1950 repletos
584 1907 740 1939 invenisse
760 1907 858 1939 fluido
876 1908 1013 1950 quodam
1035 1907 1183 1947 incolori,
1202 1908 1270 1939 fere
1289 1918 1385 1949 opaco
1401 1912 1496 1949 atque
1512 1906 1651 1950 ejusdem

337 1967 458 1992 naturae
477 1971 512 1991 ac
534 1959 630 1999 illud,
651 1960 737 2002 quod
757 1959 973 2003 reperiebatur
995 1961 1029 1990 in
1050 1959 1235 1992 ventriculis
1254 1958 1476 1991 cerebralibm.

397 2045 428 2071 (1)
446 2043 508 2065 Loco
527 2043 613 2070 citam,
635 2050 688 2073 pag.
710 2051 758 2072 127.

398 2084 429 2111 (2)
446 2082 636 2112 Phylosophical
653 2082 811 2105 trans-actions
828 2082 865 2105 sor
884 2082 922 2105 the
937 2089 996 2112 year
1016 2082 1080 2112 1809.
1097 2089 1151 2112 pag.
1170 2081 1219 2104 146.
