1809 2469
738 215 851 258 (59)

130 295 205 322 sunt
221 290 298 321 unci
318 289 573 332 rectangulareS‚
595 300 732 332 quorum
754 300 845 320 crura
868 288 983 320 tabulis
1001 290 1167 332 parallela,
1189 292 1270 323 facta
1290 294 1457 334 incisione,

131 345 164 374 in
185 343 285 374 furcae
310 345 447 386 speciem
469 343 663 374 conformata
690 348 775 372 sunt.
811 341 902 372 Hisce
928 342 1026 384 igitur
1049 344 1195 375 cruribus
1220 345 1460 378 surciformibus

130 397 273 439 praedicti
295 396 405 439 paxilli
430 395 635 436 telescopium
660 393 838 424 secundum
863 394 949 436 plani
970 395 1114 426 inclinati
1142 396 1376 439 longitudinem
1402 400 1460 431 de-

129 461 226 492 super
247 448 479 492 promovendo,
502 449 544 477 ita
562 448 766 483 inseruntur,
789 452 825 477 ut
842 458 952 478 eorum
972 449 1073 490 capita
1094 451 1310 491 promineant,
1328 452 1458 494 quibus,

130 505 178 535 uti
204 515 261 546 par
285 509 347 541 est,
374 502 549 540 adstrictis,
581 501 831 531 instrumentum
862 502 1085 532 inconcussum
1117 504 1264 545 persistit.
1308 504 1459 536 Ceterum

129 563 231 588 totum
253 555 505 587 sustentaculum
525 566 542 585 e
562 554 650 597 ligno
672 554 877 592 Jamaicensi,
903 555 1104 597 Jllczhczgony
1129 555 1228 594 dieto,
1256 556 1457 589 fabricatum.

173 611 228 641 His
249 609 413 648 omnibus,
437 611 484 640 uti
506 609 628 640 dictum
648 613 712 648 est,
733 608 891 639 adornatis
914 607 1074 650 telescopii
1097 615 1200 640 motus
1221 611 1253 640 in
1270 610 1365 652 plano
1387 622 1461 643 ver-

128 663 213 694 ticali
234 664 278 693 sic
297 663 497 705 producitur.

171 717 346 747 Iconismus
382 716 489 757 (Tab.
516 716 572 757 I.)
603 715 642 746 ad
674 715 830 745 sinistram
859 720 982 757 partem
1010 725 1125 744 mcnsae
1154 720 1185 745 et
1209 715 1287 746 huic
1315 717 1460 758 proxime

128 769 321 812 subjectam,
349 769 487 799 ostendit
511 768 672 799 cochleam
696 769 852 798 infinitam
875 768 968 810 cujus
992 769 1101 810 spirae,
1124 769 1364 801 circumvolutae
1385 782 1461 813 per-

129 824 198 853 ticae
220 822 418 865 cylindricae,
441 822 480 852 ab
500 833 565 853 uno
586 833 701 852 mensae
720 828 862 852 extremo
881 821 920 852 ad
936 821 1071 852 alterum
1094 822 1272 853 secundnm
1290 823 1375 854 illius
1390 824 1460 855 lon—

129 875 306 918 gitudinem
339 881 476 905 extensae
508 880 539 905 et
569 876 733 916 utrimque
762 874 905 905 orbiculo
936 874 1112 905 orichalceo
1144 876 1342 915 terminatae,
1385 879 1460 919 quia

130 928 309 959 machinam
332 939 370 958 ex
394 928 453 958 bac
475 933 565 970 parte
587 928 727 957 intuenti
748 938 812 957 non
837 933 912 958 sunt
934 927 1086 966 visibiles,
1113 929 1240 970 punctis
1265 930 1459 962 innuuntur.

127 981 182 1011 Hae
197 992 270 1011 vero
281 981 372 1022 spirae
393 980 599 1022 prehendunt
615 980 724 1011 dentes
740 980 898 1023 obliquos,
914 981 1054 1023 ipsarum
1072 982 1247 1012 intervallis
1262 984 1459 1024 responden-

127 1041 188 1072 tes,
215 1033 329 1064 rotulae
353 1045 426 1064 cum
452 1033 580 1064 cochlea
603 1044 766 1065 connexae.
793 1034 906 1064 Eidem
928 1045 1000 1064 cum
1024 1034 1083 1064 hac
1106 1034 1207 1065 rotula
1229 1036 1279 1065 axi
1302 1036 1392 1066 affixa
1414 1043 1461 1068 est

128 1087 224 1118 altera
251 1086 353 1118 rotula
384 1086 480 1129 paulo
509 1088 632 1122 minor,
665 1087 879 1130 dentibusque
905 1089 998 1118 rectis
1025 1089 1179 1119 instructa
1206 1090 1460 1131 ingredientibus

126 1140 294 1172 intervalla
317 1139 461 1170 dentium
482 1139 667 1182 quadrantis
684 1139 859 1179 orchalcei,
883 1140 981 1171 fronti
1002 1142 1186 1183 quadrantis
1206 1142 1303 1185 lignei
1323 1144 1460 1175 cochleis

127 1194 260 1224 firmiter
286 1192 381 1223 affixi.
423 1193 497 1223 Haec
530 1192 632 1223 rotula
657 1193 808 1235 quoniam
839 1204 878 1224 ex
908 1194 968 1225 hac
996 1201 1085 1236 parte
1114 1197 1253 1238 conspici
1283 1198 1396 1239 nequit
1427 1199 1460 1228 in

128 1246 241 1278 rotulae
258 1245 384 1289 majoris
400 1257 470 1276 area
490 1247 618 1288 punctis
633 1246 853 1277 adumbratur.
875 1248 951 1277 Axis
966 1249 1144 1279 communis
1161 1249 1329 1291 utriusque
1348 1250 1461 1282 rotulae

126 1305 269 1331 extrema
295 1300 329 1329 in
350 1298 504 1329 cheloniis
525 1298 652 1329 mobilia
677 1304 772 1338 suut,
802 1300 908 1330 incisis
931 1301 1060 1343 quadris
1084 1302 1288 1341 orichalceis,
1320 1314 1458 1346 quorum

126 1353 268 1384 anterius
290 1353 406 1391 fixum,
427 1362 466 1382 ex
483 1351 543 1382 hac
562 1357 652 1394 parte
669 1351 806 1391 visibile,
831 1353 967 1384 alterum
990 1365 1065 1385 vero
1083 1355 1214 1393 mobile,
1235 1367 1274 1386 ex
1294 1356 1353 1387 hac
1370 1363 1459 1399 parte

125 1405 284 1438 invisibile
308 1411 373 1445 est;
404 1405 599 1447 conspicitur
626 1411 734 1436 autem
763 1405 802 1436 ad
828 1407 985 1438 smistram
1015 1407 1128 1438 rotulae
1154 1408 1300 1451 majoris,
1331 1416 1363 1440 et
1390 1417 1459 1452 post

126 1461 243 1502 ipsam,
269 1459 415 1498 cochlea,
444 1470 507 1501 qua
527 1458 625 1499 illud,
651 1465 683 1490 et
705 1471 779 1491 cum
801 1461 868 1502 ipso
894 1460 997 1491 rotula
1024 1461 1127 1491 minor
1152 1461 1250 1492 fronti
1274 1462 1459 1504 quadrantis

126 1513 177 1544 vel
198 1514 329 1555 propius
348 1512 524 1551 admoveri,
547 1512 599 1544 vel
620 1512 658 1543 ab
676 1513 730 1544 illa
750 1514 907 1545 removeri
928 1510 1041 1557 Potest.
1067 1514 1136 1556 Ipsa
1159 1525 1234 1545 vero
1252 1515 1319 1546 haec
1336 1517 1456 1555 rotula7

125 1567 190 1598 suis
220 1565 370 1597 dentibus
394 1565 560 1597 intervalla
591 1565 736 1597 dentium
767 1567 952 1609 quadrantis
980 1567 1163 1609 ingrediens
1198 1579 1272 1598 cum
1307 1568 1458 1612 adjuncta

126 1619 254 1651 cochlea
279 1619 374 1650 niodo
400 1625 645 1650 commemorata
673 1619 766 1650 oculo
791 1620 925 1651 offertur
951 1620 1032 1650 Tah.
1060 1621 1116 1651 II.

169 1673 255 1704 Dum
275 1672 374 1715 igitur
396 1673 542 1714 perticae,
564 1672 726 1704 cochleam
745 1674 901 1704 infinitam
924 1673 1091 1716 gestanti5‚
1113 1673 1275 1705 orbiculus
1297 1675 1346 1706 vel
1363 1677 1457 1707 sinis-

126 1733 175 1757 ter
196 1726 309 1757 dexter
330 1725 611 1765 circumvolvitur,
635 1731 740 1757 motus
760 1726 897 1757 efficitur
922 1727 1099 1768 gyratorius
1123 1727 1235 1758 rotulae
1257 1727 1397 1771 majoris,
1424 1737 1455 1760 et

126 1791 200 1810 cum
223 1779 283 1809 hac
302 1779 398 1809 simul
421 1777 533 1809 rotulae
551 1779 698 1818 minoris,
724 1778 816 1822 cujus
836 1780 1015 1821 posterioris
1039 1779 1164 1819 dentes,
1191 1782 1297 1822 prouti
1319 1783 1352 1812 in
1374 1793 1455 1824 qua-

127 1832 247 1863 drantis
271 1831 397 1871 dentes,
428 1832 569 1873 ipsorum
591 1832 766 1864 intervallis
791 1833 1033 1875 respondenteS,
1060 1834 1216 1864 actionem
1246 1834 1296 1866 vel
1327 1846 1454 1866 sursum

127 1884 179 1916 vel
203 1884 353 1915 deorsum
375 1883 560 1915 tendentem
585 1891 752 1924 exserunt,
778 1885 953 1927 quadrans,
980 1892 1013 1917 et
1033 1898 1107 1917 cum
1133 1897 1169 1917 eo
1194 1893 1297 1918 totum
1320 1888 1454 1919 telesco-

126 1938 234 1980 pium,
274 1937 326 1969 vel
354 1936 517 1977 elevatur,
552 1937 603 1969 vel
634 1938 836 1980 deprimitur.
872 1938 938 1976 Qui
970 1945 1075 1970 motus
1110 1939 1247 1970 duorum
1281 1939 1453 1982 digitorum

127 1992 250 2022 actione
271 1997 335 2022 tam
357 1990 396 2021 ad
419 1991 609 2022 anteriorem
634 1991 697 2033 (ad
716 2003 813 2034 quam
834 1992 1018 2034 quadrantis
1039 1992 1125 2023 frons
1146 1992 1334 2034 dirigitur),
1355 2004 1451 2036 quam

130 2044 169 2076 ad
192 2045 397 2087 posteriorem
418 2055 534 2076 mensae
555 2051 677 2087 partem
702 2045 816 2088 aequali
841 2056 913 2078 cum
937 2045 1089 2076 facilitate
1116 2045 1315 2088 producitur.
