1809 2469
763 212 774 255 (
799 213 840 253 45
866 214 877 255 )

159 297 178 317 ))
188 285 322 328 frustra
346 287 463 328 quoeri.
487 286 520 316 Si
540 296 615 317 vero
637 286 689 317 cui
711 285 852 327 placeat,
874 286 991 326 poterit
1011 285 1188 327 praecipuas
1209 284 1306 328 hujus
1327 284 1485 315 tractatuli

158 350 178 370 ))
193 339 422 382 propositiones
447 339 608 382 sphaericis
628 337 788 380 applicare
801 362 809 377 ,
835 339 893 368 etsi
916 349 980 368 non
1002 338 1081 368 adeo
1103 338 1258 381 perfecte.

203 402 223 422 ))
238 392 346 423 Portio
370 392 457 423 enim
481 391 631 433 sphaerae,
660 395 874 432 praeterquam
900 390 984 432 quod
1007 391 1109 422 radios
1135 391 1301 434 parallelos
1325 392 1358 421 in
1386 402 1487 422 unum

160 456 179 476 J>
197 451 356 488 punctum
383 456 448 475 non
477 448 670 486 congreget,
700 442 808 473 locum
832 443 979 485 imaginis
1011 443 1132 485 praebet
1164 444 1197 474 in
1230 456 1292 474 una
1322 445 1489 485 superficie

161 511 180 530 ))
196 499 365 541 sphaerica,
389 496 528 528 habente
552 496 637 527 idem
663 502 811 527 centrum
837 508 911 527 cum
934 498 1099 539 portione,
1125 508 1197 539 quae
1215 497 1399 539 superficies
1425 508 1489 527 non

162 563 180 583 ))
196 544 299 594 potest
318 551 405 582 omni
425 549 517 581 modo
538 560 728 581 concurrere
746 560 820 580 cum
838 549 897 580 alia
914 549 1082 591 superficie
1102 549 1272 591 sphaerica3
1291 549 1362 579 talis
1384 555 1489 579 tamen

161 596 370 636 »concursus
395 603 594 647 requiritur,
630 603 741 634 saltem
772 603 820 633 ad
848 614 982 633 sensum
1004 602 1071 645 (ἢ,
1106 608 1144 634 ut
1171 614 1210 634 ex
1235 602 1392 645 praedictis
1419 602 1492 632 satis

160 669 180 689 2)
195 657 358 701 apparet.'’

206 723 226 743 >3
244 711 478 751 Nihilominus,
499 710 639 742 lentibus
660 716 692 741 et
714 709 851 752 speculis
877 710 994 740 conicis
1018 721 1082 740 non
1106 710 1276 748 concessis,
1307 711 1403 740 satius
1430 709 1490 739 erit

163 775 182 795 »
197 763 396 807 portionibus
418 764 578 807 sphaericis
598 764 646 794 uti
668 763 736 794 loco
754 760 972 805 sphaer'oideon
993 769 1025 794 et
1048 763 1220 795 conoideon
1239 762 1489 805 parabolicarum

162 829 182 848 ³>
197 818 233 849 in
254 818 441 860 catoptrica‚
468 829 564 860 quam
586 816 865 860 hyperbolicarum
887 818 920 847 in
941 816 1113 859 dioptrica,
1135 828 1208 847 cum
1233 815 1350 858 quihus
1369 816 1491 858 portio-

162 882 181 902 »
196 881 253 902 nes
278 871 443 913 sphaericae
465 872 572 901 minus
597 869 825 901 conveniunt.”

381 934 401 954 ³)
424 924 496 954 His
521 924 589 953 itur
610 923 658 953 acl
679 922 834 953 astra!”

206 975 300 1006 Certe
321 975 466 1018 impense
490 975 664 1007 dolendum
687 980 748 1014 est,
773 975 901 1018 egregio
926 976 1008 1014 viro,
1033 975 1173 1007 lentibus
1193 982 1225 1007 et
1245 975 1381 1018 speculis
1403 976 1492 1006 coni*

161 1029 288 1072 cis'non
316 1030 484 1068 concessis,
507 1041 571 1060 non
599 1040 783 1060 concessum
804 1029 902 1060 fuisse
927 1029 1014 1060 hisce
1036 1029 1075 1060 ad
1097 1035 1176 1060 astra
1198 1030 1255 1060 ire.
1285 1029 1431 1072 Quippe,
1457 1030 1489 1059 in

160 1082 354 1113 mechanicis
381 1083 449 1124 ipse
480 1082 585 1113 minus
614 1087 756 1123 versatus
780 1088 813 1113 et
841 1083 929 1113 omni
958 1083 1117 1114 artificum
1152 1083 1341 1114 idoneorum
1371 1081 1490 1113 auxilio

161 1136 351 1175 destitutus,
384 1136 527 1178 plurium
554 1136 768 1167 tentaniinum
793 1136 958 1167 irritor-um
985 1142 1136 1179 pertaesns
1157 1142 1190 1167 et
1216 1136 1255 1167 de
1284 1141 1391 1178 optato
1417 1147 1492 1166 suc-

161 1200 252 1220 cessu
275 1188 555 1231 desperabundUS,
585 1187 647 1232 jam
671 1200 799 1220 omnem
828 1189 867 1220 de
892 1189 1057 1220 efficiendo
1084 1190 1254 1233 telescopio
1283 1201 1340 1221 suo
1371 1190 1492 1232 cogita-

160 1243 280 1274 tionem
306 1241 479 1285 abjeeerat,
508 1253 581 1273 cum
603 1241 662 1272 sub
682 1242 779 1272 finem
804 1243 879 1273 anni
909 1242 994 1276 1675
1019 1244 1202 1285 perniciosae
1227 1242 1310 1273 febri
1339 1254 1491 1273 succum-

159 1295 251 1326 beret
270 1295 323 1326 vix
342 1295 538 1325 tricesimum
559 1300 685 1325 sextum
707 1295 806 1325 aetatis
825 1307 947 1327 annum
965 1302 1136 1327 assecutus.
1164 1297 1207 1327 Et
1225 1302 1296 1338 post
1310 1296 1409 1338 ipsius
1428 1296 1492 1326 fata

161 1348 271 1380 decem
298 1347 473 1379 lustrorum
497 1347 702 1380 intervallum
730 1354 880 1379 exactum
906 1349 987 1387 fuit,
1017 1350 1204 1392 priusquam
1229 1348 1414 1393 hujusmodi
1442 1354 1492 1379 te-

159 1401 334 1444 lescopium
357 1400 505 1432 omnibus
529 1401 672 1432 numeris
695 1401 875 1444 absolutum
900 1402 940 1433 ab
964 1402 1120 1445 Hadlejo
1141 1401 1286 1433 exhiberi
1305 1407 1419 1444 posset.

203 1464 260 1496 IV.
295 1465 333 1495 T.
359 1464 620 1495 Newtonianum
644 1476 659 1495 a
687 1465 849 1496 Newtono
875 1466 957 1497 circa
982 1467 1078 1497 finem
1102 1468 1178 1497 anni
1206 1466 1287 1499 1671
1320 1466 1487 1505 effectum,

161 1518 276 1549 deinde
297 1517 335 1548 ad
359 1518 541 1548 societatem
564 1517 683 1560 regiam
706 1518 940 1550 Londinensem
961 1520 1195 1558 transmissum,
1220 1525 1253 1550 et
1270 1519 1321 1549 die
1338 1530 1417 1549 xvm
1435 1518 1492 1548 Ja—

160 1571 267 1603 nuarii
290 1571 366 1601 anni
392 1570 481 1604 1672
498 1569 598 1614 hujus
618 1571 758 1601 examini
778 1570 975 1616 subjectum,
995 1572 1220 1603 studiosissima
1243 1571 1397 1603 sodalium
1420 1571 1492 1602 suf-

207 1683 240 1713 (*)
257 1683 324 1706 Ctrca
340 1683 402 1705 hauc
417 1691 465 1706 rem
483 1683 589 1714 egregius
609 1688 692 1706 auctor
710 1683 846 1706 theorexieae
860 1684 992 1707 subtilitati
1008 1685 1112 1708 nimium
1134 1684 1227 1708 tribuit.
1250 1684 1359 1714 Quippe,
1382 1683 1439 1706 licet
1454 1691 1492 1705 ne-

162 1723 213 1754 gari
229 1730 280 1746 non
296 1723 383 1753 possit,
403 1722 505 1752 speciem
523 1722 612 1751 objecti
627 1723 695 1753 plani
714 1723 757 1745 axi
773 1723 908 1752 verticalis,
928 1732 969 1753 per
987 1725 1077 1748 lentem
1097 1725 1238 1754 sphaericam
1255 1725 1332 1747 visam
1353 1731 1403 1746 nou
1419 1731 1493 1753 appa-

161 1770 212 1786 rere
229 1762 328 1792 planam
342 1780 348 1791 ,
370 1762 412 1786 sed
429 1762 463 1785 ita
483 1762 624 1790 incurvam,
646 1767 673 1786 ut
691 1763 755 1785 vitro
773 1763 872 1787 obversa
895 1764 1030 1794 superficies
1048 1773 1154 1788 concava
1176 1764 1223 1793 sit,
1244 1769 1318 1795 utque
1338 1763 1381 1786 fiat
1399 1764 1490 1794 plana.

161 1801 236 1832 exigi,
250 1806 277 1824 ut
292 1802 350 1825 vitri
368 1802 536 1832 superficiebus
553 1802 669 1825 induatur
687 1802 764 1833 figura
779 1803 891 1826 sectionis
908 1804 1010 1833 conicae,
1029 1805 1110 1828 nihilo
1125 1804 1200 1827 secius
1215 1812 1281 1827 error
1298 1803 1354 1826 inde
1372 1803 1490 1826 oriundus

161 1841 309 1871 perceptioni
320 1849 401 1864 sensus
417 1849 463 1864 sese
480 1842 613 1870 subtrahit,
627 1850 681 1865 cum
697 1842 817 1865 vitrorum
834 1843 969 1873 superficies
979 1844 1078 1866 nonnisi
1093 1851 1208 1874 perquam
1225 1844 1317 1874 exiguae
1333 1843 1382 1865 sim
1395 1842 1492 1872 sphaerae

162 1882 292 1912 portiones.
318 1882 352 1904 Ea
372 1882 502 1912 hypothesi
521 1882 639 1909 admissa,
656 1890 702 1913 qua
723 1883 806 1913 anguli
823 1888 995 1913 supponuntur
1014 1883 1053 1906 vel
1070 1885 1166 1906 sinuum
1187 1884 1225 1906 vel
1247 1883 1397 1914 tangentium
1418 1881 1492 1904 ratio—

161 1928 217 1944 nem
236 1921 317 1952 sequi,
340 1922 460 1944 calculum
485 1922 690 1952 scrupulosissime
711 1923 854 1945 subductum
879 1931 928 1946 nou
955 1932 1020 1954 posse
1048 1924 1154 1954 detegere
1173 1923 1288 1954 imaginis
1307 1923 1388 1953 figurae
1410 1922 1490 1952 planae

161 1960 268 1991 aliquam
285 1961 458 1988 curvedinem,
480 1962 615 1991 Klu'gelius
633 1961 658 1984 in
678 1962 917 1984 Commentationum
935 1963 1126 1993 germanicarum
1148 1963 1269 1986 societatis
1285 1962 1354 1993 regia:
1380 1962 1490 1984 Goettin-

158 2000 242 2030 gensis
262 2000 388 2023 volumine
407 2000 455 2023 11do
475 2001 588 2024 ostendit.
612 2000 715 2024 Interim
733 2002 773 2025 isti
793 2003 933 2031 tenacitati,
954 2011 1001 2033 qua
1022 2004 1180 2027 acutissimus
1191 2007 1316 2034 geometra
1333 2002 1408 2034 rigori
1424 2002 1490 2024 theo

160 2040 201 2062 riae
217 2039 324 2068 inliaesit,
344 2039 419 2071 ipsius
437 2040 590 2070 tetescopium
609 2046 733 2072 acceptum
750 2042 903 2066 referendum
921 2048 963 2067 est.
