1809 2469
891 203 902 245 (
926 202 968 242 46
991 203 1002 245 )

287 281 382 323 fragia
401 279 520 310 retulit.
540 278 606 309 Hoc
624 277 845 319 telescopium,
867 275 1179 316 cataclioptricorzmz
1196 276 1355 315 omnium,
1371 287 1442 318 quae
1462 287 1607 319 unquam

284 334 395 364 effecta
423 333 531 371 fuere,
559 332 725 372 primum,
752 328 888 371 speculis
914 328 1077 359 metallicis
1102 329 1293 359 instructum
1321 335 1398 359 erat.
1428 330 1509 368 Quae
1531 340 1605 360 vero

283 399 358 418 cum
388 392 493 428 postea
519 385 690 415 invenisset
718 383 900 412 Nefvtonas
935 391 1044 412 rerum
1075 379 1271 424 objectarum
1299 382 1452 424 imagines
1476 383 1604 412 nonita

284 440 445 472 distinctas
475 438 625 475 reddere,
658 436 704 466 uti
731 434 900 465 desiderari
924 439 1065 475 poterat,
1095 444 1234 476 cumque
1262 434 1328 476 ipse
1355 435 1387 464 in
1413 434 1475 464 illis
1498 434 1606 465 elabo-

285 492 390 524 randis
411 492 516 522 minus
537 495 694 527 versatim,
721 487 800 518 alius
826 497 900 517 vero
921 486 1054 516 idoneus
1078 486 1192 516 artifex
1214 486 1274 528 ipsi
1294 498 1358 516 non
1379 492 1491 528 praesto
1510 493 1604 526 esset,

284 546 383 576 missis
404 543 584 583 metallicis,
606 543 639 573 in
659 542 765 572 locum
785 539 905 582 speculi
926 538 1052 582 majoris
1073 538 1265 570 substituere
1286 541 1449 582 proposuit
1465 540 1511 582 (ἢ
1533 551 1607 583 spe—

286 598 394 629 culum
414 598 550 628 vitreum
568 606 741 627 concavum
760 592 889 636 aequalis
903 593 1053 623 crassitiei
1073 598 1158 623 etex
1178 599 1266 634 parte
1286 604 1393 624 aversa
1411 593 1606 636 hydrargyro

284 651 475 689 obductum,
505 650 538 680 in
562 648 669 679 locum
691 658 765 679 vero
789 645 910 688 speculi
936 645 1066 676 minoris
1090 646 1205 687 prisma
1230 647 1379 677 vitreum.
1410 646 1505 685 Quod
1529 646 1607 678 dum

284 704 379 742 fecit,
415 713 523 733 revera
553 701 614 731 dici
643 705 765 742 poterat
792 700 826 729 in
856 699 1003 737 Scyllam
1035 697 1181 729 incidisse
1217 698 1407 739 Charybdin
1437 700 1605 730 vitaturus.

285 757 415 798 Quippe
440 754 568 797 specula
598 754 714 791 vitrea,
740 762 804 782 non
829 762 926 781 uuam
953 750 992 780 ob
1013 761 1156 788 causam,
1182 751 1402 781 instrumentis
1430 752 1608 793 catoptricis

283 821 411 852 prorsus
440 810 547 850 inepta
577 817 661 845 esse,
693 805 872 848 posterioris
900 804 958 835 aevi
986 803 1070 834 curis
1100 803 1227 834 abunde
1258 803 1498 846 comprobatum
1531 804 1606 847 fuit.

283 862 379 892 Unde
400 861 521 892 factum
542 865 604 898 est,
631 865 669 890 ut
691 869 749 901 per
774 859 918 900 proxima
940 857 1050 888 decem
1075 856 1172 887 lustra
1194 856 1271 887 huic
1290 857 1504 888 instrumento
1530 868 1608 888 con-

285 915 419 946 ficiendo
450 925 544 945 nemo
576 913 659 944 ultra
687 923 819 943 manum
851 910 1021 953 adjiceret,
1054 909 1154 940 donec
1185 909 1312 941 tandem
1345 922 1428 941 anno
1454 911 1538 944 1723
1569 911 1608 941 ab

284 967 436 1009 Hadlejo
453 968 494 997 ita
516 965 662 997 omnibus
677 965 819 995 numeris
840 963 1018 994 absolutum
1036 962 1259 1003 exhiberetur,
1278 969 1316 994 ut
1331 963 1459 994 nullum
1478 964 1607 994 omnino

285 1020 476 1051 desiderium
502 1019 599 1061 arquis
619 1029 727 1049 rerum
751 1016 990 1048 aestimatoribus
1013 1015 1219 1058 relinqueret.

329 1073 417 1103 Hanc
452 1073 559 1114 itaque
593 1070 861 1101 constructionem
897 1067 1133 1110 Hadlejanam
1168 1068 1328 1111 telescopii
1366 1068 1605 1107 Newtoniani,

285 1137 355 1168 quae
376 1125 535 1167 hodieque
557 1125 705 1155 universe
729 1123 876 1165 adoptata
899 1127 962 1161 est,
988 1132 1167 1163 expressam
1192 1121 1380 1153 exhibemus
1404 1124 1504 1165 figura
1526 1124 1606 1163 7⁰¹³,

285 1178 376 1222 cujus
397 1178 519 1220 primus
543 1177 679 1207 intuitus
702 1175 811 1214 docet,
843 1174 923 1206 illud
949 1175 1096 1216 componi
1119 1185 1137 1204 e
1162 1174 1272 1217 majori
1297 1175 1426 1216 speculo
1451 1176 1607 1207 metallico

284 1242 422 1262 concavo
448 1230 625 1272 minorique
649 1229 743 1271 plano
769 1235 801 1259 et
824 1227 910 1258 lente
932 1227 1062 1258 oculari.
1092 1227 1204 1269 Itaque
1225 1226 1337 1257 ABDE
1358 1233 1404 1258 est
1425 1228 1522 1259 tubus
1539 1240 1610 1260 am-

283 1284 366 1326 plior
387 1283 580 1320 metallicus,
609 1281 648 1312 ad
669 1281 761 1324 cujus
782 1281 921 1312 fundum
944 1280 1088 1311 clausum
1111 1279 1165 1310 AB
1186 1280 1329 1311 cernitur
1349 1280 1515 1322 speculum
1538 1293 1609 1313 me-

285 1337 427 1367 tallicum
459 1346 634 1366 concavum
660 1334 745 1373 MM,
781 1333 885 1376 quod,
921 1339 1051 1376 propter
1076 1344 1201 1363 causam
1231 1332 1315 1362 infra
1347 1332 1562 1372 afferendam,
1591 1346 1608 1365 a

285 1390 520 1420 constructione
544 1386 745 1420 Hadleiana
768 1398 805 1417 eo
828 1386 963 1425 recedit,
986 1385 1072 1428 quod
1089 1387 1121 1416 in
1143 1385 1247 1416 medio
1267 1386 1385 1427 pariter
1405 1386 1445 1416 sit
1464 1386 1609 1428 perfora-

284 1448 354 1472 tum
377 1441 532 1471 foramine
547 1439 700 1478 rotundo,
723 1445 818 1481 atque
833 1440 867 1470 in
884 1438 1053 1481 telescopio
1079 1439 1294 1480 Gregoricmo.
1316 1439 1400 1469 Huic
1418 1450 1457 1470 ex
1478 1439 1608 1471 adverso

285 1495 370 1524 etin
395 1494 493 1535 ipsius
517 1503 595 1532 axe,
625 1493 706 1523 circa
732 1498 912 1524 extremum
937 1498 1083 1535 apertum
1107 1491 1176 1523 tubi
1197 1491 1376 1534 amplioris⁷
1405 1493 1609 1523 constituitur

286 1546 451 1589 speculum
477 1546 582 1576 minus
611 1545 742 1587 planum
766 1558 843 1587 ηιμ,
875 1547 1010 1589 figuram
1034 1546 1207 1588 cllipticam
1228 1545 1370 1576 referens
1395 1551 1427 1576 et
1452 1557 1527 1576 cum
1549 1557 1608 1576 axe

287 1599 446 1641 tclcscopii
471 1598 626 1640 angulum
651 1599 853 1629 semirectum
880 1599 1030 1630 formans.

329 1652 477 1694 Exigitur
500 1657 624 1690 autem,
651 1657 686 1681 ut
707 1651 782 1682 huic
801 1652 929 1694 speculo
950 1652 1064 1683 minori
1086 1651 1173 1683 locus
1194 1652 1369 1695 assignetur
1388 1652 1472 1683 inter
1493 1663 1608 1694 specu-

287 1705 355 1736 lum
377 1703 479 1747 majus
501 1710 531 1735 et
553 1704 649 1747 hujus
673 1704 801 1744 focum,
827 1711 928 1748 utque
954 1705 993 1735 ab
1015 1705 1074 1736 hoc
1098 1704 1168 1735 foco
1190 1704 1284 1736 distet
1305 1705 1472 1737 intervallo
1493 1705 1607 1747 aequali

287 1758 441 1788 distantiae
466 1758 515 1787 sui
539 1757 640 1787 centri
664 1768 680 1788 a
708 1757 778 1788 foco
803 1758 896 1788 lentis
923 1758 1057 1790 ocularis
1082 1759 1125 1795 ll,
1156 1758 1285 1789 inclusae
1316 1758 1428 1789 tubulo
1463 1758 1606 1797 laterali,

286 1811 365 1842 tubo
391 1810 535 1852 ampliori
560 1811 601 1840 ita
621 1820 760 1849 annexo,
790 1817 826 1841 ut
846 1811 931 1842 illius
953 1812 1018 1842 axis
1040 1811 1197 1841 coincidat
1222 1823 1295 1842 cum
1317 1816 1401 1841 recta
1429 1811 1569 1841 verticali
1590 1822 1607 1841 e

289 1870 397 1894 centro
422 1863 551 1894 minoris
575 1863 694 1904 speculi
715 1864 748 1894 in
773 1864 896 1907 majoris
918 1877 1008 1896 axem
1032 1865 1175 1896 demissa.

332 1996 375 2025 Ο)
392 1996 487 2026 Optices
508 1996 534 2018 L.
557 1997 575 2018 Ι.
598 1995 624 2018 Ρ.
642 1997 661 2018 1.
683 1995 754 2025 Prop.
775 1996 844 2019 V111.
865 1998 909 2020 Ed.
930 1998 973 2020 lat.
993 2006 1017 2028 p.
1033 2006 1069 2027 77.
