1809 2469
756 194 869 237 (61)

150 269 279 307 mediae,
304 268 366 312 jam
393 279 465 299 cum
492 268 600 298 infima
625 278 728 298 unum
750 272 876 298 tantum
898 278 1013 310 corpus
1036 269 1270 307 constituentis,
1293 270 1374 300 circa
1397 281 1474 300 cen-

149 329 235 354 trum
257 324 289 353 in
311 334 369 353 axe
395 322 434 353 ad
457 322 603 353 dextram*
623 320 774 351 collocato
799 320 955 361 positum,
976 320 1126 362 quodque
1147 321 1305 361 similiter,
1332 322 1474 353 orbiculo

150 376 286 407 cochleae
307 376 442 407 infinitae
464 374 502 405 ad
524 374 667 404 dextram
693 372 858 414 applicatae
884 373 1133 412 circumvoluto,
1156 374 1351 416 producatur
1371 382 1475 406 motus

151 429 313 460 circularis
336 428 451 459 tabulae
474 427 601 464 mediae‚
631 425 693 469 jan}
716 437 819 456 unum
843 432 968 457 tantum
992 438 1106 469 corpus
1132 438 1206 458 cum
1228 439 1376 470 suprema
1398 440 1476 459 con-

149 483 326 520 stituentis,
354 481 514 522 simulque
540 480 637 510 totius
659 478 836 520 telescopii,
864 479 939 509 huic
962 480 1120 521 impositi,
1146 492 1241 523 super
1265 481 1359 522 plano
1387 482 1476 512 hori—

149 537 232 566 zonti
254 534 404 577 parallelo
428 533 546 565 tabulae
567 533 706 571 infiniae,
731 533 814 563 circa
839 538 987 563 centrum
1008 535 1042 563 in
1069 544 1127 564 axe
1150 534 1189 564 ad
1214 535 1372 565 sinistram
1398 546 1476 565 cou-

149 589 259 619 stituto
279 588 387 619 situm.

191 642 243 672 Sic
263 642 362 684 igitur
391 640 483 672 ambo
506 640 558 671 isti
579 645 719 671 sectores>
740 639 910 671 circulares
940 639 1017 670 huic
1048 640 1282 680 instrumento,
1318 647 1477 683 quantuni

148 695 278 738 quidem
301 694 370 738 ejus
391 694 430 725 ad
450 694 563 736 praxin
582 693 837 724 observationum
861 692 1032 723 desiderari
1056 699 1175 735 potest,
1197 694 1281 724 vices
1303 694 1370 724 fere
1393 705 1476 735 praa—

148 753 232 778 stant
258 748 377 778 circuli
398 747 628 777 azimzctlzalis.
655 746 782 775 Etenim
805 745 998 787 quadrante,
1020 752 1051 776 et
1074 757 1146 776 cum
1171 757 1207 777 eo
1227 746 1322 777 simul
1343 746 1477 777 telesco—

147 801 218 843 pio,
241 811 336 842 supra
358 799 489 841 planum
514 798 684 829 horizontis
707 798 847 836 elevato,
871 799 968 829 situm
990 799 1028 829 ad
1055 799 1114 830 hoc
1136 799 1267 841 planum
1289 800 1426 831 relatum
1445 806 1478 830 et

148 854 319 895 superioris
346 852 529 894 quadrantis
558 851 655 889 radii,
686 846 719 880 et
748 851 845 881 trium
876 851 1075 891 tabularum,
1112 853 1158 883 illi
1183 854 1420 895 impositarum,
1444 860 1477 884 et

147 906 247 948 ipsius
267 905 443 947 telescopii,
468 904 580 942 simul,
601 909 633 934 et
652 902 763 933 eodem
785 902 893 948 modo,
919 910 952 934 et
971 904 1082 936 eadem
1105 905 1319 937 inclinationis
1345 907 1476 949 quanti-

147 964 228 997 tate,
254 959 389 997 mutari,
411 969 450 989 ex
473 957 632 1000 praedictis
653 961 764 998 sponte
790 962 888 997 patet.

190 1012 218 1042 E
231 1004 348 1054 {uibus
363 1010 510 1042 omnibus
528 1011 562 1040 in
577 1021 675 1040 unam
689 1020 846 1039 summam
865 1009 1004 1041 collectis
1020 1011 1149 1043 evidens
1169 1018 1231 1052 est,
1254 1012 1346 1043 oculo
1364 1012 1476 1044 tubulo

147 1064 268 1096 oculari
286 1064 447 1106 telescopii
463 1064 529 1095 sive
546 1063 762 1094 Newtonicmi
779 1063 844 1093 sive
868 1063 1066 1105 Gregoriam‘
1083 1065 1225 1104 admoto,
1242 1067 1339 1096 totius
1355 1067 1476 1097 instru-

145 1119 248 1149 menti
273 1123 412 1156 motum,
435 1123 499 1148 tam
520 1118 554 1147 in
578 1116 673 1158 plano
692 1116 847 1147 horizonti
867 1117 1018 1159 parallelo
1039 1130 1135 1161 quam
1155 1120 1188 1150 in
1213 1119 1374 1158 verticali,
1401 1131 1477 1150 cum

146 1171 300 1201 facilitate
321 1177 418 1213 atque
440 1169 663 1201 commoditate
684 1170 814 1200 omnino
836 1170 966 1213 aequali,
992 1171 1044 1203 vel
1063 1172 1202 1203 duorum
1226 1173 1397 1215 digitorum
1422 1184 1476 1203 ac·-

146 1224 249 1263 tione,
274 1224 438 1266 utrimque
458 1223 593 1266 produci
613 1234 715 1265 posse.

189 1278 261 1308 Jam
281 1279 363 1308 circa
380 1277 588 1308 sustentaculi
607 1278 877 1309 constructionem
897 1277 979 1308 nihil
996 1278 1157 1322 reliquum
1179 1286 1242 1319 est,
1261 1280 1347 1322 quod
1367 1279 1476 1311 obser-

145 1341 275 1369 vemuS,
297 1336 412 1372 praeter
434 1330 496 1361 hoc
516 1341 639 1369 unum,
664 1331 697 1361 in
716 1331 831 1373 spatio,
855 1342 972 1363 mensae
993 1332 1109 1364 tabulae
1134 1333 1294 1377 subjecto,
1317 1340 1474 1377 quantum

145 1384 277 1427 quidem
298 1384 367 1427 ejus
387 1396 525 1416 vacuum
548 1384 678 1426 reliquit
697 1384 856 1426 quadrans
880 1385 1090 1426 descendens,
1116 1387 1262 1418 effectam
1285 1398 1350 1418 esse
1372 1387 1475 1418 arcel—

145 1437 226 1476 lam,
252 1443 342 1480 porta
355 1462 363 1477 ,
386 1438 484 1468 instar
505 1439 610 1480 pontis
630 1437 755 1468 sublicii
777 1438 902 1477 mobili,
923 1439 1110 1471 instructam
1135 1446 1166 1471 et
1185 1441 1376 1483 recipiendis
1396 1452 1475 1471 con—

147 1490 324 1532 dendisque
347 1490 484 1532 speculis
515 1491 707 1530 minoribus,
733 1491 822 1522 vitris
852 1491 1047 1533 ocularibus,
1074 1493 1287 1536 helioscopiis,
1314 1501 1374 1525 etc.
1405 1494 1475 1525 ido-

144 1554 255 1582 neam,
277 1542 370 1586 cujus
390 1543 523 1583 faeiem,
550 1554 588 1574 ex
610 1550 700 1586 parte
722 1545 857 1587 portulae
876 1545 1005 1577 obversa
1028 1548 1125 1579 visam
1147 1548 1284 1579 ostendit
1303 1549 1474 1579 iconismus

150 1596 231 1628 Tab.
254 1597 309 1629 II.
344 1596 495 1628 Ceterum
520 1608 638 1628 mensae
658 1598 766 1630 tabula
790 1599 927 1630 sedecim
948 1599 1079 1642 pollices
1102 1612 1175 1632 cum
1201 1601 1394 1644 quadrante,
1423 1608 1473 1632 ta-

143 1649 229 1681 bulae
251 1660 327 1680 vero
358 1649 527 1692 quadranti
553 1651 707 1693 impositae
734 1659 804 1684 octo
831 1653 961 1696 pollices
985 1666 1059 1685 cum
1086 1656 1212 1686 semisse
1240 1656 1330 1698 pedis
1354 1656 1474 1687 Londi-

144 1704 250 1734 nensis
265 1703 436 1735 latitudine
451 1704 632 1747 adaequant.
658 1706 778 1737 Omnes
796 1707 929 1750 reliquae
950 1718 1107 1754 mensurae
1127 1719 1144 1739 e
1162 1708 1244 1739 scala
1260 1708 1381 1752 adjecta
1402 1710 1470 1752 capi

144 1763 288 1800 possunt.
1184 1790 1191 1795 ,

190 1811 222 1841 Si
245 1811 316 1853 quis
337 1812 437 1855 igitur
456 1818 597 1845 attentas
618 1818 650 1844 et
671 1824 781 1856 aequus
801 1814 1023 1857 perpenderit,
1048 1815 1183 1846 artifices
1207 1821 1344 1854 nostros,
1376 1815 1473 1859 hujus

144 1864 350 1896 instrumenti
370 1871 530 1905 auctores,
552 1867 585 1897 in
602 1866 659 1897 illo
676 1866 873 1897 conficiendo
891 1873 1016 1898 secutos
1032 1878 1098 1899 esse
1114 1874 1227 1911 typum
1245 1880 1309 1899 non
1325 1868 1470 1907 aliunde,

144 1918 206 1949 nisi
228 1930 269 1950 ex
293 1920 436 1962 ipsorum
457 1921 586 1962 ingenio
615 1921 773 1963 petitum,
803 1910 1008 1964 quo-seilicet
1033 1933 1100 1952 uno
1121 1932 1255 1964 corpore
1276 1921 1471 1963 complecte-

144 1977 258 2004 rentur
280 1978 418 2017 quatuor
443 1973 607 2017 praecipua
627 1973 796 2019 telescopia
816 1975 1060 2019 catadioptrica,
1087 1975 1140 2009 vel
1157 1975 1231 2019 ipsis
1252 1975 1392 2018 cognita,
1420 1975 1472 2007 vel
