1809 2469
904 234 915 276 (
937 234 980 265 62
1002 234 1014 276 )

299 321 469 342 nervorum
486 307 558 339 vitae
579 307 738 339 relationis
757 317 852 348 quam
868 305 920 335 illa
940 306 1030 336 nervi
1052 305 1176 348 majoris
1192 306 1428 347 sympathetici,
1450 306 1483 336 in
1504 313 1612 338 centro

300 376 356 396 suo
379 363 581 405 perforantur
599 372 663 391 uno
686 359 870 402 pluribusve
892 357 1066 396 canalibUS,
1092 357 1261 401 injectione
1283 357 1538 400 permeabilibus.
1565 359 1612 390 Cl.

300 418 417 459 Bogros
446 416 540 446 etiam
573 414 788 456 experimenta
817 424 833 442 a
862 411 929 441 Reil
959 411 1101 441 instituta
1132 412 1245 452 saepius
1277 416 1309 441 et
1336 422 1449 452 magno
1478 422 1612 442 numero

299 470 535 512 redintegravit.
558 468 607 499 Ad
626 467 713 498 hunc
733 476 862 508 scopum
882 465 984 495 utitur
1005 463 1081 494 tubo
1103 474 1220 505 cupreo
1235 463 1383 505 longiori,
1401 463 1438 494 ad
1459 465 1612 495 extremi—

299 530 396 554 tatem
419 522 601 553 inferiorem
623 521 657 550 in
677 530 828 549 anconem
848 518 944 555 ssew,
957 517 1019 547 cui
1039 516 1204 557 adaptatur
1226 516 1304 547 alter
1324 517 1459 559 exiguus
1480 516 1611 548 tubulus

298 578 431 615 xitreus,
450 576 483 605 in
502 575 590 605 filum
606 584 664 615 ope
679 572 813 603 flammae
831 570 969 601 candelae
989 569 1081 600 facile
1097 569 1276 607 ducendus,
1292 570 1334 600 ita
1346 575 1383 599 ut
1398 580 1460 600 non
1477 570 1612 611 amplius

298 630 360 660 nisi
385 628 499 659 tubum
529 626 707 669 capillarem
735 624 858 655 efficiat.
895 623 1096 665 Adimpletur
1119 623 1367 653 instrumentum
1397 623 1441 652 sic
1466 629 1612 664 paratum

298 682 492 725 hydrargyro
507 704 515 719 ,
545 685 640 721 atque
671 679 851 709 extremitas
875 676 928 706 illa
953 675 1108 717 capillaris
1132 675 1187 706 vix
1218 675 1251 704 in
1281 686 1346 705 uno
1377 675 1611 706 filamentorum

298 745 488 766 nerveorum
503 732 681 764 introducta
696 736 758 769 est,
773 729 858 772 quod
872 729 933 772 jam
947 728 1075 771 injectio
1087 733 1173 758 tanta
1185 726 1351 769 rapiditate
1362 727 1503 758 canalem
1518 728 1610 759 illum

298 793 479 831 percurrat,
501 797 597 828 quam
612 785 689 816 dum
706 795 759 816 vas
771 782 929 826 quoddam
944 781 1174 824 lymphaticum
1186 780 1296 811 eodem
1312 780 1443 811 artificio
1457 779 1609 823 injicitur.

299 842 447 871 Attamen
472 839 549 870 dum
571 838 676 881 liquor
697 836 832 881 injectus
856 846 913 877 per
933 835 1069 877 spatium
1093 834 1213 876 aliquot
1234 833 1386 876 pollicum
1412 834 1445 864 in
1470 845 1535 865 uno
1561 835 1611 866 vel

298 893 443 936 pluribus
458 890 618 923 canalibus
632 889 860 932 penetraverit,
881 889 924 918 ita
940 893 977 918 ut
992 887 1050 925 vis,
1069 897 1140 928 quae
1156 887 1259 928 ipsum
1276 892 1382 919 movet
1395 898 1459 917 non
1475 887 1611 929 amplius

297 945 431 977 sufficiat
447 945 486 975 ad
504 943 706 987 injectionem
726 941 850 984 longius
873 940 1127 983 propellendam,
1149 946 1218 971 tum
1239 951 1318 982 opus
1339 945 1385 970 est
1406 946 1442 971 ut
1462 951 1612 971 exercea-

297 1010 368 1031 mus
391 1000 424 1029 in
446 997 618 1041 parietibus
638 1007 810 1028 nervorum
830 995 981 1026 leviorem
1002 994 1199 1031 frictionem,
1220 993 1283 1034 qua
1302 993 1406 1034 liquor
1424 993 1519 1024 imius
1539 993 1611 1024 des-

298 1051 422 1083 cendat.
455 1048 658 1080 Procedendo
683 1048 742 1078 hac
768 1047 889 1077 ratione
916 1046 1033 1088 Bogros
1056 1045 1251 1088 hydrargyro
1273 1045 1383 1088 injecit
1413 1047 1610 1078 tenuissimas

298 1103 536 1135 ramificationes
555 1111 686 1132 nerveas
699 1101 764 1130 sive
778 1100 811 1129 in
831 1099 998 1131 musculis,
1014 1099 1079 1128 sive
1095 1099 1129 1127 in
1147 1098 1277 1128 diversis
1291 1098 1358 1128 aliis
1376 1099 1470 1129 etiam
1488 1101 1611 1141 organis

298 1155 488 1187 distributas.
509 1153 610 1184 Simili
633 1151 725 1183 modo
743 1150 873 1194 injectos
889 1150 1027 1181 obtinuit
1046 1149 1211 1181 fasciculos
1229 1151 1319 1182 nervi
1339 1150 1463 1193 majoris
1483 1162 1611 1194 sympa—

297 1209 423 1246 themoi,
440 1207 507 1250 ejus
523 1205 662 1248 ganglia,
679 1211 710 1235 et
723 1204 849 1247 quidem
864 1203 987 1245 ganglia
1003 1202 1283 1233 i11tervertebralia.
1300 1221 1342 1226 —
1354 1203 1448 1234 Unde
1464 1205 1610 1236 omnibus

296 1263 381 1293 hisce
400 1260 532 1303 gangliis
546 1270 603 1301 pro
622 1263 778 1289 caractere
795 1257 977 1299 assignavit,
995 1256 1080 1299 quod
1096 1262 1239 1286 constent
1253 1267 1292 1286 ex
1307 1256 1479 1288 substantia
1494 1258 1609 1289 rubro-

296 1314 412 1357 grisea,
437 1313 586 1356 quodque
601 1317 727 1354 pertusa
747 1311 826 1349 sint,
847 1321 960 1352 magno
980 1320 1112 1340 numero
1128 1309 1284 1340 canalium
1304 1316 1534 1351 contortorum,
1551 1313 1607 1354 qui

295 1367 531 1398 communicant
549 1377 623 1396 cum
644 1363 803 1395 canalibus
821 1375 992 1395 nervorum
1013 1373 1051 1393 ex
1074 1362 1136 1393 illis
1158 1363 1404 1405 emergentium,
1426 1370 1458 1395 et
1479 1364 1609 1407 quidem

296 1432 369 1452 cum
388 1419 535 1451 radiculis
549 1419 668 1451 venosis
684 1418 821 1460 ipsarum
840 1428 1007 1455 venarum,
1023 1426 1094 1458 quae
1113 1426 1151 1446 ex
1168 1415 1228 1446 illis
1246 1417 1449 1457 proveniunt.
1474 1417 1607 1459 Ganglia

295 1471 566 1504 intervertebralia
586 1471 746 1513 praecipue
768 1470 900 1512 insignia
923 1475 1016 1507 sunt,
1038 1479 1077 1499 ex
1097 1479 1150 1507 e0,
1173 1468 1256 1510 quod
1278 1469 1498 1509 productiones
1518 1470 1607 1501 durae

295 1526 417 1564 matris,
441 1524 493 1555 illa
514 1524 745 1555 circumdantes
764 1524 847 1554 inter
868 1534 939 1554 suas
959 1521 1090 1553 laminas
1106 1521 1249 1560 fibrosas,
1271 1533 1341 1564 quae
1361 1528 1481 1563 partem
1504 1528 1608 1554 struc-

294 1585 374 1610 turae
395 1589 505 1610 eorum
525 1578 739 1616 constituunt,
768 1582 892 1607 textum
913 1575 1082 1618 quemdam
1109 1575 1290 1606 contineant
1319 1576 1519 1617 spongiosum
1541 1576 1607 1607 sive

295 1631 472 1669 erectilem,
499 1629 590 1672 cujus
609 1629 720 1661 areolae
739 1640 778 1660 ex
801 1629 865 1660 una
885 1635 973 1671 parte
995 1629 1231 1659 communicant
1253 1639 1326 1658 cum
1347 1627 1507 1658 canalibus
1527 1639 1607 1670 gan-

296 1684 447 1726 gliorum,
462 1689 494 1713 et
509 1694 548 1713 ex
565 1682 660 1713 altera
679 1694 751 1713 cum
771 1685 858 1714 venis
873 1681 1109 1715 vertebralibus.
1126 1682 1273 1712 Attamen
1290 1681 1604 1713 animadvertendum

295 1742 357 1775 est,
382 1735 467 1778 quod
487 1735 526 1766 cl.
548 1735 665 1778 Bogros
687 1735 871 1779 injectiones
893 1747 963 1767 suas
987 1734 1174 1777 protrudere
1195 1735 1375 1777 nequiverit
1396 1735 1429 1765 in
1451 1734 1603 1774 ramulos,

295 1789 351 1831 qui
365 1788 483 1819 radices
496 1799 682 1827 nervorum,
701 1789 825 1831 ganglia
840 1788 1108 1820 intervertebralia
1127 1788 1405 1824 constituentium,
1421 1787 1603 1827 efformant3

294 1851 354 1872 nec
372 1841 406 1871 in
422 1840 626 1871 substantiam
645 1842 803 1883 propriam
825 1841 972 1872 medullae
986 1841 1112 1884 spinalis
1125 1852 1183 1872 nec
1198 1842 1231 1872 in
1252 1840 1337 1871 illam
1359 1839 1604 1882 productionum

294 1893 512 1925 cerebralium.
540 1893 712 1936 Liquidum
730 1894 774 1925 sic
794 1893 947 1938 injectum
967 1894 1185 1926 tantummodo
1205 1894 1348 1936 pervenit
1370 1905 1467 1936 prope
1485 1894 1603 1925 radices

294 1958 483 1987 nervorum,
509 1946 594 1978 unde
614 1953 682 1978 tum
704 1948 737 1977 in
755 1948 821 1989 ipsa
841 1949 973 1979 cavitate
994 1948 1082 1979 durae
1103 1948 1208 1978 matris
1232 1952 1385 1989 penetrat.

337 2001 562 2042 Experimenta
586 1999 625 2030 ab
644 2000 742 2031 hocce
761 2001 935 2031 anatomico
958 2001 1100 2032 instituta
1124 2000 1163 2032 ab
1183 2000 1250 2031 aliis
1274 2000 1347 2032 viris
1371 1999 1467 2031 doctis
1489 1999 1602 2031 deinde
