1809 2469
873 233 984 276 (98)

272 310 371 340 tiones
387 309 635 339 imminuuntur.
653 308 700 338 Ex
714 306 800 337 hisce
817 311 962 348 apparet,
977 305 1060 347 quod
1077 307 1165 337 nervi
1180 306 1351 337 motilitatis
1364 311 1395 336 et
1409 306 1591 337 sensationis

271 362 468 393 influentiam
490 362 682 404 reciprocam
704 359 895 403 possideant,
925 359 978 390 sed
1001 365 1038 390 ut
1060 359 1126 390 haec
1147 359 1228 389 sacta
1252 359 1333 390 bene
1355 359 1500 389 aestimari
1519 369 1592 401 pos-

270 421 355 455 sent,
378 415 485 458 plures
501 415 568 446 aliae
589 414 848 451 circumstantiae,
865 424 935 455 quae
951 412 1082 443 effectus
1101 413 1391 455 experimentorum
1409 411 1591 454 implicant,

271 468 331 499 illis
359 475 434 499 sunt
463 468 624 499 addendae.
660 468 746 498 Inter
774 466 841 497 illas
873 465 1074 496 memoranda
1105 471 1151 496 est
1175 465 1403 507 haemorrliagia
1429 476 1446 495 a
1477 476 1591 507 magno

271 521 420 560 vulnere,
432 521 515 564 quod
531 521 629 563 infligi
649 520 755 558 debet,
771 519 923 561 producta
935 543 942 556 ,
960 524 1054 560 atque
1072 519 1269 560 refrigeratio
1285 530 1380 561 quam
1399 518 1518 560 patitur
1534 529 1590 560 per

270 575 524 616 experimentum
544 585 614 615 pars
638 575 701 615 ipsa
719 571 865 602 medullae
886 571 1030 614 spinalis,
1051 572 1103 602 cui
1127 572 1312 603 inseruntur
1334 571 1454 602 radices
1473 582 1590 602 nervo-

269 639 340 658 rum
350 651 357 665 ,
370 638 441 668 quae
459 626 634 657 resecandae
646 631 736 665 sunt,
749 625 835 656 unde
850 631 937 668 patet
951 625 1143 656 incertitudo
1157 625 1271 656 horum
1286 626 1589 668 experimentorum.

312 682 353 710 At
376 681 401 711 si
426 681 643 722 experimenta
674 680 838 710 veritatem
866 679 1012 710 omnibus
1043 679 1106 709 suis
1132 679 1274 709 numeris
1306 678 1503 709 demonstare
1532 688 1591 708 ne—

269 740 408 776 queunt,
440 734 670 765 observationes
695 739 800 764 tamen
827 734 859 764 in
887 736 943 764 hae
971 732 1089 764 difficili
1112 731 1160 762 via
1186 742 1256 763 suas
1283 731 1367 761 faces
1390 730 1479 761 nobis
1503 741 1591 761 com-

268 787 418 818 mendare
438 793 599 830 poterunt.
625 788 713 829 Saepe
737 786 1036 817 animadvertuntur
1058 785 1213 828 paralyses
1233 783 1380 826 partiales
1401 795 1474 814 cum
1496 783 1592 814 moti—

268 840 362 871 litatis
382 841 546 871 amissione
567 847 599 872 et
620 841 803 871 sensationis
821 840 1067 871 conservatione.
1099 839 1135 869 In
1163 837 1322 880 aliquibus
1341 837 1463 868 casibus
1483 836 1592 867 obser-

268 900 361 924 vatur
391 894 576 925 sensibilitas
608 894 675 925 fere
708 895 742 924 in
770 899 854 924 statu
885 892 1039 932 normali,
1072 898 1104 923 et
1134 892 1167 922 in
1197 891 1265 922 aliis
1296 890 1429 924 vividior
1464 890 1590 930 evadit,

268 959 450 990 quanquam
474 948 622 979 motilitas
643 948 773 979 omnino
797 946 951 978 deleatur.

312 1000 360 1031 Cl.
387 1001 570 1032 Lallcmand
596 1001 643 1042 (1)
675 1002 708 1031 in
735 1002 988 1041 praestantissimo
1018 1012 1074 1031 suo
1102 1011 1197 1040 opere
1225 999 1332 1039 plures
1360 998 1472 1039 prioris
1503 997 1592 1028 cassis

268 1052 499 1084 observationes
517 1053 602 1082 citat.
627 1052 742 1081 Omnia
761 1051 828 1081 haec
848 1051 929 1081 facta
949 1050 1097 1092 probant,
1117 1050 1201 1092 quod
1219 1050 1309 1081 nervi
1331 1049 1468 1079 motibus
1489 1051 1592 1079 inser—

268 1106 389 1136 vientes
410 1105 530 1135 nullam
554 1103 753 1134 influentiam
775 1103 808 1132 in
831 1102 899 1132 illos
919 1102 1132 1132 sensationum
1157 1107 1336 1131 exerceant.

312 1157 359 1188 Cl.
382 1157 503 1189 Rullier
523 1157 569 1199 (2)
592 1156 839 1188 observationem
861 1155 989 1197 collegit
1009 1155 1060 1185 cui
1083 1153 1248 1196 Magendie
1269 1154 1485 1184 annotationes
1500 1153 1592 1185 addi—

268 1210 330 1249 dit,
354 1211 386 1240 in
409 1211 471 1252 qua
493 1210 598 1252 agitur
618 1209 656 1240 de
675 1209 888 1240 destructione
911 1209 1037 1252 majoris
1060 1209 1156 1250 partis
1177 1207 1327 1238 medullae
1349 1207 1492 1249 spinalis,
1517 1219 1592 1238 cum

268 1264 481 1295 contractione
499 1263 620 1294 brachii
636 1268 668 1293 et
684 1262 850 1293 motilitate
866 1262 1005 1304 perfecta
1026 1261 1256 1300 membrorum3
1273 1266 1472 1291 contractura
1489 1271 1592 1291 mem-

266 1316 330 1348 bris
356 1316 571 1359 superioribus
596 1315 778 1358 peculiaris,
805 1316 899 1346 etiam
925 1316 958 1345 in
984 1314 1134 1346 musculis
1158 1314 1323 1345 brachium
1350 1325 1457 1345 versus
1481 1320 1592 1356 pectus

267 1371 490 1402 adducendum
515 1370 676 1401 destinatis
697 1368 1023 1406 animadvertebatur,
1045 1374 1077 1398 et
1097 1367 1186 1410 digiti
1208 1366 1366 1397 incurvati
1384 1372 1488 1405 erant,
1506 1368 1592 1398 inte-

267 1424 330 1465 gris
344 1423 582 1455 remanentibus
594 1422 807 1466 *facultatibus
825 1415 1109 1459 intellectualibus,
1127 1432 1236 1451 omnes
1251 1425 1372 1462 partes,
1388 1421 1446 1450 nisi
1464 1420 1590 1450 brachia

268 1479 477 1520 excipiamus,
493 1477 664 1509 voluntatis
678 1477 852 1507 influentiae
866 1475 1145 1507 submittebantur.
1163 1474 1270 1504 Partes
1283 1479 1449 1504 contractae
1464 1484 1592 1504 omnem

267 1542 356 1562 suam
390 1530 627 1562 sensibilitatem
663 1531 871 1561 retinuerant.
927 1531 1111 1572 Autopsiam
1145 1528 1305 1559 cadaveris
1338 1528 1506 1558 instituens
1542 1527 1590 1558 Cl.

268 1584 448 1627 Magendie,
469 1584 645 1616 observavit
663 1590 780 1615 statum
800 1583 942 1614 radicum
959 1583 1154 1614 anteriorum
1171 1587 1204 1612 et
1223 1581 1448 1623 posteriorum,
1465 1587 1497 1611 et
1513 1580 1592 1612 vidit

267 1639 385 1681 priores
413 1638 452 1670 ad
477 1650 572 1670 suum
594 1637 770 1669 neurilema
795 1648 860 1668 esse
883 1637 1043 1676 reductas,
1072 1637 1257 1679 posteriores
1281 1646 1355 1666 vero
1379 1635 1510 1665 materia
1534 1635 1590 1666 sua

267 1692 434 1724 medullari
455 1693 600 1735 repletas.
628 1693 674 1722 Ex
698 1703 761 1734 quo
784 1691 855 1734 jure
881 1691 1060 1730 concludit,
1085 1690 1169 1733 quod
1194 1689 1379 1732 posteriores
1402 1687 1590 1719 sensibilita-

267 1753 330 1777 tem
347 1747 575 1785 transmittant,
593 1746 669 1777 dum
691 1751 788 1775 status
804 1745 938 1776 aliarum
958 1745 1100 1776 radicum
1121 1749 1158 1775 ut
1176 1754 1249 1776 vera
1270 1754 1363 1774 causa
1384 1747 1591 1772 contracturae

266 1799 468 1830 brachiorum
488 1798 653 1829 habendus
672 1804 729 1828 est.

311 1852 406 1883 Casus
428 1851 482 1883 ubi
503 1851 766 1883 animadvertitur
787 1851 936 1894 paralysis
960 1851 1173 1882 sensationum
1199 1860 1272 1880 cum
1291 1853 1437 1878 motuum
1462 1858 1589 1878 conser-

326 1964 369 1993 (1)
385 1964 532 1987 Recherches
547 1969 614 1986 anat.
630 1968 653 1986 et
666 1964 761 1994 pathol.
777 1971 816 1986 sur
834 1963 987 1993 t'ence‘phale.
1006 1964 1076 1986 Tom.
1095 1964 1115 1985 I.
1136 1970 1160 1992 p.
1178 1969 1199 1991 7.
1217 1960 1301 1989 Gaud,
1324 1960 1388 1990 1827.
1409 1959 1443 1982 N⁰
1460 1967 1514 1988 ιιι,
1533 1960 1588 1988 185,

269 2003 322 2032 134,
342 2004 398 2031 225,
415 2009 459 2027 etc.

323 2043 366 2072 (2)
382 2043 465 2067 Journ.
484 2043 513 2066 de
531 2043 636 2074 physiol.
655 2043 771 2073 expe'rim.
793 2043 822 2067 de
839 2043 973 2075 Magendie.
992 2042 1077 2069 Avril,
1096 2042 1160 2064 1823.
1182 2048 1208 2071 p.
1227 2041 1282 2071 173,
1300 2045 1346 2064 etc.
