1809 2469
768 240 781 283 (
805 241 845 272 13
870 240 882 283 >

199 317 249 349 Ab
278 317 366 349 omni
395 322 539 360 tempore
568 314 679 347 multae
713 313 879 355 opiniones
913 312 954 343 de
984 318 1112 344 textura
1141 324 1250 345 massae
1279 312 1494 355 encephalicae

155 370 292 402 fuerunt
313 370 498 413 propositae:
531 367 586 400 sed
612 365 811 408 multiplices.
828 365 1063 407 disquisitiones
1090 366 1326 409 hypotheticae,
1354 377 1426 408 quae
1455 365 1494 397 ab

155 423 304 455 omnibus
335 423 536 461 anatomicis,
563 425 700 451 texturae
731 417 801 462 ejus
830 418 1007 450 enodandae
1035 418 1169 463 ejusque
1200 420 1382 451 formationi
1410 431 1495 451 enu-

156 477 298 509 cleandae
317 470 537 514 studentibus,
558 474 650 505 editae
672 473 824 512 fuerunt,
850 483 915 503 nou
936 472 1121 505 derivandae
1144 473 1296 504 videntur
1316 486 1332 504 a
1355 473 1494 505 difficul-

154 530 291 570 tatibus,
321 541 399 572 quas
426 527 602 560 offerebant
625 527 765 570 partium
787 526 936 558 mollities
957 532 989 558 et
1009 528 1177 567 teneritas,
1199 539 1259 559 nec
1278 540 1294 559 a
1315 527 1493 559 formarum

156 583 394 626 multiplicitate
416 593 494 625 quas
513 580 650 624 praebet,
681 581 736 612 sed
757 581 864 623 potius
884 580 1080 612 deducendae
1105 587 1181 613 sunt
1203 593 1220 612 a
1241 581 1371 613 defectu
1392 581 1494 613 bona—

155 648 229 669 rum
251 636 476 668 methodorum
492 635 532 666 ad
548 634 617 678 ejus
637 634 859 665 dissectionem
881 634 1080 666 efficiendam
1097 635 1324 666 adhibitarum.
1346 635 1494 678 Namque

155 702 222 722 non
251 696 377 722 tantum
410 689 480 734 ejus
509 689 648 720 diversos
674 694 845 731 apparatus
873 688 912 719 ab
940 688 1087 720 omnibus
1119 688 1263 732 partibus
1287 690 1401 720 vicinis
1429 700 1494 719 non

155 743 352 783 liberabant,
373 744 442 787 ejus
464 742 681 775 evolutionem
701 754 765 775 non
792 742 1083 785 persequebantur,
1105 743 1409 774 circumvolutiones
1430 754 1494 773 non

156 795 377 840 explicabant,
394 797 614 840 genuinosque
629 796 746 827 limites
766 807 831 826 non
848 795 1051 838 quaerebant,
1071 802 1108 827 ut
1122 797 1165 827 sic
1187 796 1302 827 melius
1318 796 1405 826 hisce
1425 801 1496 826 stu-

158 850 234 882 dere
257 851 435 894 potuissent
458 862 495 882 eo
519 851 629 882 ordine
651 861 718 892 quo
735 848 794 880 sibi
815 849 1008 889 succedunt,
1032 861 1145 882 verum
1169 861 1186 880 e
1208 855 1321 880 contra.
1339 849 1496 881 videban-

157 909 212 935 tur
237 915 365 935 omnem
389 915 518 947 operam
543 903 726 942 intendere,
748 909 786 934 ut
809 903 879 946 ejus
900 910 1060 935 texturam
1077 909 1337 946 corrumperent,
1359 903 1495 947 ejusque

158 958 372 989 connexiones
388 957 591 988 destruerent
608 957 802 990 sectionibus
817 958 883 989 sive
900 959 1088 989 transversis.
1099 958 1165 989 sive
1182 957 1402 997 verticalibus,
1419 968 1493 999 quae

156 1009 227 1040 sslos
246 1010 373 1040 nonnisi
394 1010 434 1039 ad
453 1009 546 1039 falsas
566 1009 661 1040 idaeas
683 1009 863 1051 perducere
888 1015 1046 1051 poterant.

202 1061 250 1093 Gt.
278 1061 352 1093 Gall
375 1061 489 1105 procul
517 1061 615 1093 dubio
641 1061 680 1092 de
705 1062 875 1093 Anatomia
900 1063 1021 1105 optime
1047 1064 1186 1103 meruit,
1219 1063 1296 1094 dum
1326 1063 1403 1094 huic
1430 1069 1494 1093 tam

156 1116 310 1159 singulari
327 1116 454 1147 secandi
474 1115 642 1147 cerebrum
662 1115 829 1155 methodo,
847 1127 920 1158 quae
942 1116 981 1147 ad
1001 1128 1097 1148 suum
1120 1128 1223 1159 usque
1243 1123 1371 1159 tempus
1388 1116 1493 1147 adhuc

155 1169 300 1212 vigebat,
322 1169 454 1201 alteram
475 1168 655 1209 substituit,
677 1180 748 1212 quae
769 1170 911 1200 consistit
926 1170 960 1200 in
981 1170 1193 1201 examinando
1211 1171 1315 1213 primo
1330 1181 1493 1213 quamque

156 1234 280 1266 partem
303 1223 341 1255 ad
364 1235 460 1255 suum
482 1225 655 1266 originem,
675 1229 707 1255 et
726 1223 856 1263 deinde,
878 1225 912 1255 in
933 1224 1096 1266 sequendo
1116 1235 1246 1255 cursum
1270 1229 1367 1266 atque
1389 1223 1494 1254 direcss

156 1277 278 1308 tionem
299 1276 452 1308 fibrarum
470 1278 633 1316 omnium,
654 1277 796 1320 scalpelli
815 1289 875 1320 ope
894 1284 998 1320 partes
1019 1288 1129 1309 omnes
1149 1284 1181 1309 et
1199 1277 1340 1321 singulas
1356 1277 1494 1309 studiose

157 1329 350 1361 abradendo.
381 1330 414 1361 Si
434 1330 496 1361 hac
514 1330 665 1362 methodo
689 1330 917 1373 procedamuS,
938 1331 1057 1374 absque
1078 1342 1194 1374 magno
1215 1331 1323 1362 labore
1342 1331 1495 1374 perveni-

156 1396 228 1416 mus
250 1384 291 1415 ad
310 1384 543 1427 cognoscendas
563 1386 777 1416 connexiones
798 1385 960 1416 naturales
980 1386 1137 1428 partium,
1163 1385 1349 1416 earumdem
1367 1395 1494 1415 succes-

155 1438 260 1470 sivum
283 1439 538 1477 incrementum,
559 1444 656 1481 atque
672 1450 753 1471 nova
775 1451 892 1482 organa
913 1451 986 1484 quae
1008 1451 1117 1471 versus
1138 1439 1208 1470 illas
1228 1438 1393 1471 confluant
1414 1438 1494 1469 illis-

156 1503 220 1535 que
237 1503 304 1524 sese
323 1492 458 1524 addunt.
482 1492 618 1536 Insuper
637 1492 721 1524 hinae
743 1493 849 1525 adhuc
871 1494 1014 1524 existunt
1035 1493 1193 1532 methodi,
1215 1504 1287 1535 quae
1303 1492 1406 1524 multo
1425 1504 1495 1523 meu

155 1544 251 1577 liores
271 1547 376 1578 exitus
396 1546 548 1579 offerunt.
569 1546 661 1577 Prior
682 1547 823 1577 consistit
838 1547 872 1577 in
889 1546 1132 1586 considerando,
1149 1545 1308 1589 quomodo
1326 1545 1494 1578 cerebrum

155 1599 190 1630 in
212 1599 314 1632 varias
332 1599 520 1631 animalium
537 1599 649 1630 classes
665 1600 821 1642 gradatim
842 1600 880 1631 ad
901 1599 1053 1644 majorem
1072 1599 1303 1642 perfectionem
1328 1599 1492 1632 ascendat:

154 1652 310 1695 posterior
330 1663 406 1684 vero
424 1653 458 1684 in
473 1653 695 1696 persequendo
716 1653 932 1685 evolutionem
951 1654 1161 1685 successivam
1185 1653 1306 1684 cerebri
1329 1654 1363 1684 in
1386 1655 1495 1696 specie

155 1705 314 1746 humana,
339 1705 379 1753 ab
398 1706 453 1738 illo
474 1711 635 1749 tempore,
667 1717 732 1750 quo
752 1718 906 1751 apparere
929 1707 1060 1750 incipit,
1087 1718 1191 1750 usque
1215 1706 1258 1738 ad
1275 1706 1359 1738 illud
1376 1706 1432 1738 ubi
1453 1707 1494 1737 ad

156 1759 332 1802 plenariam
356 1770 447 1791 suam
467 1759 685 1791 evolutionem
710 1761 904 1802 pervenerit,

201 1812 249 1843 Cl.
275 1813 473 1845 Tied'emann
493 1813 561 1856 (1),
587 1813 778 1847 Schoenlein
803 1814 871 1856 (2),
894 1814 1002 1845 Serres
1026 1813 1090 1856 (3),
1123 1813 1311 1845 Desmoulin
1332 1813 1399 1855 (4),
1429 1813 1494 1843 Ro-

155 1865 251 1897 lando
271 1865 320 1908 (5)
340 1866 379 1897 de
399 1866 458 1898 hac
474 1878 509 1898 re
527 1868 690 1912 praecipue
710 1868 859 1911 occupati
879 1868 1027 1900 fuerunt.
1051 1868 1128 1899 Haec
1148 1869 1303 1910 posterior
1323 1867 1494 1898 methodus

215 1940 260 1968 (1)
277 1938 409 1962 Anatomie
426 1941 459 1963 du
476 1948 593 1969 cerveau,
611 1941 673 1964 trad.
692 1949 736 1972 par
754 1941 872 1965 Jourdan„
893 1942 973 1970 Paris,
993 1942 1058 1966 1825.

217 1980 262 2008 (2)
279 1979 335 2002 Von
350 1979 392 2002 der
409 1980 490 2009 Hem,
511 1982 713 2012 metamorphose,
737 1983 894 2014 Wursburg,
915 1983 981 2005 1816.

217 2019 264 2047 (ὃ).
277 2018 352 2041 Anat.
371 2026 450 2049 comp.
464 2019 496 2042 du
515 2028 578 2044 cerv.
596 2021 658 2044 dans
674 2022 707 2044 les
724 2026 810 2053 quatre
829 2022 914 2045 classes
934 2022 975 2045 des
990 2022 1118 2046 vertebres.
1137 2021 1218 2049 Paris,
1238 2021 1303 2045 1824.

216 2059 261 2088 (4)
277 2059 421 2090 Exposition
432 2059 550 2083 succincte
560 2061 601 2084 des
610 2061 736 2092 developp.
752 2062 786 2087 du
795 2067 859 2093 syst.
867 2069 986 2086 nerveux.
996 2061 1098 2086 Archiv.
1107 2061 1189 2093 gelmir-
1202 2061 1243 2086 dns
1254 2060 1340 2085 sciam:-
1350 2060 1414 2084 med.
1426 2062 1493 2084 1823*

215 2099 260 2128 (5)
277 2100 307 2121 In
322 2103 368 2122 art.
385 2099 445 2122 dizz.
463 2099 585 2130 periodica
603 2101 628 2125 di
646 2102 777 2126 medicina.
795 2102 901 2132 Tui-ino,
920 2102 985 2125 1822.
