1809 2469
949 216 1058 258 (50)

346 284 514 316 exhibetur
539 285 597 316 hoc
625 286 829 328 telescopium
859 288 957 329 figura
982 289 1055 326 8V1'1,
1090 300 1160 330 quae
1181 289 1335 329 ostendit,
1366 291 1447 322 illud
1471 293 1617 334 componi
1642 303 1661 323 e

345 338 473 379 speculo
501 338 609 382 majori
635 340 786 381 sphaerico
817 351 971 379 concavo,
1000 342 1033 370 in
1060 340 1162 371 medio
1187 342 1362 383 perforato,
1388 344 1519 385 speculo
1546 345 1660 375 minori

345 392 497 433 sphaerico
518 403 672 431 convexo,
699 399 730 423 et
752 393 874 424 duabus
896 393 1034 424 lentibus
1057 395 1220 433 convexis,
1251 405 1324 437 quae
1347 402 1451 437 partes
1476 397 1585 428 eadem
1607 409 1660 428 ra-

348 445 448 481 tione,
465 456 526 486 qua
545 445 577 474 in
596 445 761 487 telescopio
788 446 1008 487 Gregorian0,
1026 446 1109 476 inter
1129 457 1161 476 se
1183 446 1342 478 adornotae
1361 453 1393 478 et
1409 459 1558 479 connexae
1574 455 1658 479 sunt.

345 497 480 539 Speculo
509 499 621 528 minori
652 510 791 529 convexo
828 498 915 529 locus
947 498 1150 539 assignandus
1184 505 1231 529 est
1261 501 1343 530 inter
1369 500 1535 542 speculum
1561 500 1663 543 majus

347 562 519 582 concavum
542 551 702 594 hujusque
723 552 847 589 focum,
869 552 927 590 ita,
956 557 992 581 ut
1013 550 1101 581 focus
1122 551 1264 582 virtualis
1286 553 1406 594 speculi
1433 554 1561 583 minoris
1584 564 1662 584 con—

347 604 417 636 vexi
438 605 471 634 in
492 605 574 635 idem
600 611 755 647 punctum
779 604 911 642 incidat,
941 604 974 634 in
999 615 1062 645 quo
1082 604 1158 634 situs
1178 605 1217 634 sit
1239 616 1365 635 necesse
1389 611 1434 635 est
1458 606 1548 636 focus
1570 605 1662 636 realis

347 657 466 699 speculi
489 659 616 688 minoris
640 659 768 689 concavi
793 658 826 687 in
852 657 1019 698 telescopio
1051 657 1272 698 Gregoriano,
1298 658 1331 688 h.
1353 669 1380 689 e.
1404 659 1597 700 requiritur,
1624 664 1662 689 ut

349 711 434 741 focus
460 711 600 741 virtualis
625 711 745 752 speculi
774 711 905 742 convexi
929 712 1047 751 positus
1072 711 1111 740 sit
1137 710 1217 740 ultra
1246 710 1354 741 focum
1381 711 1502 752 speculi
1537 710 1661 753 majoris

347 764 492 801 concavi,
519 769 551 793 et
575 763 614 793 ab
637 763 697 793 hoc
722 763 815 793 distet
837 763 1023 800 intervallo,
1055 763 1139 804 quod
1166 763 1394 794 determinatur
1418 763 1476 794 hac
1502 763 1661 805 analogia:

346 816 508 847 distantia
523 816 653 857 socalis
672 817 799 857 speculi
824 815 960 857 majoris
986 822 1037 846 est
1059 816 1105 846 ad
1127 816 1324 846 distantiam
1342 815 1485 855 focalem
1505 817 1660 852 m'inoris,

347 869 396 898 uti
420 869 489 898 lzoec
521 875 571 898 est
605 869 651 899 ad
685 870 894 899 intervallum
924 870 1102 910 quaesitum
1134 869 1304 899 amborum
1339 870 1546 910 speculorum
1572 869 1662 908 focis

347 922 622 962 interponendum.

390 974 485 1005 Unde
508 976 668 1016 sequitur,
698 975 801 1016 quod,
832 975 857 1005 si
882 975 1047 1017 speculum
1073 975 1179 1005 minus
1204 974 1363 1016 telescopii
1390 974 1664 1016 Cassegrainiani

348 1026 487 1070 ejusdem
509 1028 548 1057 sit
567 1027 695 1069 sphaerae
717 1029 818 1069 portio
835 1034 930 1070 atque
950 1027 1115 1069 speculum
1138 1028 1242 1058 minus
1267 1027 1427 1069 telescopii
1449 1027 1661 1069 Gregoriani‚

348 1081 436 1122 prius
458 1080 661 1122 telescopium
686 1081 740 1111 fiat
759 1080 905 1120 brevius,
931 1091 1026 1123 quam
1051 1081 1225 1122 posteriuS,
1253 1080 1350 1122 duplo
1375 1080 1529 1111 distantiae
1555 1079 1664 1110 focalis

347 1133 468 1175 speculi
493 1135 635 1164 convexi.

391 1186 447 1216 Vis
468 1187 660 1229 amplificans
681 1187 757 1218 huic
782 1187 949 1228 telescopio
971 1198 1044 1216 cum
1072 1186 1274 1228 Gregoriano
1297 1185 1469 1216 earundem
1493 1185 1665 1215 dimensio-

347 1251 424 1270 num
452 1241 628 1271 communis
648 1246 703 1270 est.
730 1240 790 1270 Sed
815 1239 1008 1282 objectorum
1035 1240 1186 1281 imagines
1208 1239 1351 1277 invertit,
1378 1238 1527 1279 quoniam
1549 1248 1665 1279 specu-

347 1291 414 1322 lum
438 1303 632 1331 convexum,
659 1292 760 1323 radios
780 1293 940 1334 excipiens
962 1298 1051 1330 ante,
1077 1303 1172 1333 quam
1201 1293 1304 1333 imago
1328 1292 1423 1332 possit
1443 1291 1566 1333 effingi,
1595 1290 1665 1321 illos

347 1345 388 1375 ita
411 1345 561 1384 reflectit,
588 1351 624 1376 ut
647 1357 709 1376 non
732 1346 862 1376 inducat
882 1345 1112 1376 intersectionis
1132 1350 1253 1374 mutuae
1274 1344 1510 1382 necessitatem,
1532 1354 1595 1385 quo
1612 1343 1664 1381 fit,

347 1403 384 1427 ut
403 1398 522 1439 imago,
548 1398 685 1429 secunda
711 1399 870 1429 radiorum
892 1399 1063 1429 reflexione
1086 1398 1212 1436 effecta,
1239 1398 1273 1428 in
1293 1397 1404 1428 eodem
1424 1398 1487 1428 situ
1508 1396 1664 1428 delineata

348 1450 623 1492 deprehendatur,
654 1463 750 1493 quenl
787 1452 885 1493 prima
913 1451 1085 1482 reflexione
1118 1450 1315 1481 obtinuisset.
1356 1449 1430 1479 Haec
1462 1460 1537 1480 vero
1562 1450 1666 1492 imago

348 1504 470 1534 inversa
498 1505 530 1534 in
558 1505 657 1534 retina
684 1504 722 1534 ad
748 1505 842 1534 situm
872 1510 1013 1534 erectum
1039 1503 1219 1540 reducitur,
1248 1501 1354 1540 unde,
1386 1512 1442 1543 per
1467 1512 1503 1532 ea
1532 1512 1603 1543 quae
1626 1501 1665 1532 de

348 1556 507 1598 telescopii
533 1558 731 1587 astronomici
759 1558 896 1599 imagine
925 1557 1006 1587 dicta
1033 1562 1125 1594 sunt,
1154 1554 1313 1597 objectum
1342 1554 1509 1595 spectatori
1535 1559 1665 1595 apparet

347 1609 518 1640 inversum.

393 1662 471 1692 Cum
493 1662 605 1703 igitur,
634 1663 659 1692 si
681 1674 696 1692 a
718 1662 817 1692 forma
840 1661 960 1704 speculi
981 1662 1124 1700 minoris,
1147 1672 1163 1690 a
1182 1661 1245 1690 situ
1265 1660 1410 1701 imaginis
1432 1664 1463 1689 et
1485 1670 1501 1689 a
1522 1659 1665 1701 longitu-

350 1714 423 1744 dine
443 1715 645 1744 instrumenti
670 1715 858 1754 discesseris,
888 1715 1095 1757 telescopium
1124 1714 1440 1755 Cassegrainianztm
1473 1723 1548 1743 cum
1583 1712 1665 1742 Gre-

345 1768 484 1809 goriano
506 1768 677 1798 earundem
702 1768 933 1799 dimensionum
956 1769 988 1799 in
1011 1767 1157 1798 omnibus
1178 1766 1307 1808 reliquis
1328 1766 1456 1795 omnino
1480 1765 1663 1803 conveniat,

349 1826 434 1850 certe
457 1821 571 1850 mirum
600 1832 661 1850 non
683 1826 745 1858 est,
771 1821 853 1850 inter
875 1826 1018 1851 auctores
1042 1819 1232 1850 britannicos
1253 1818 1291 1848 de
1316 1828 1353 1847 eo
1378 1817 1446 1847 fere
1473 1818 1663 1856 convenire,

350 1872 433 1915 quod
462 1873 715 1914 Cassegrainius
744 1873 893 1915 Gregorii
918 1873 1183 1903 constructionem
1210 1871 1365 1908 imitatus„
1391 1869 1512 1911 speculi
1535 1870 1664 1900 minoris

351 1925 483 1956 formam
509 1926 634 1956 nonnisi
664 1936 700 1955 eo
727 1926 854 1956 consilio
878 1927 1068 1964 mutaverit,
1104 1931 1140 1956 ut
1165 1926 1253 1955 istam
1284 1924 1550 1954 constructionem
1578 1928 1664 1953 tanto

350 1977 458 2021 majori
484 1989 557 2009 cum
581 1978 719 2010 veritatis
740 1980 842 2020 speeie
863 1990 919 2020 pro
943 1989 999 2009 suo
1022 1979 1150 2010 invento
1177 1976 1338 2008 venditare
1363 1981 1478 2017 posset.
