1809 2469
927 229 1039 272 (10)

368 322 488 352 Verum
512 320 654 352 dehisce
674 319 785 350 mediis
808 317 1012 355 disserentes,
1047 317 1165 347 omissis
1185 317 1237 356 iis,
1266 328 1403 359 quorum
1430 329 1506 350 usus
1528 319 1639 351 scholis

325 384 565 427 propaedeuticis
589 382 857 414 commendandus
878 387 909 412 et
930 380 1158 422 relinquendus
1181 386 1243 419 est,
1271 381 1421 422 quoniam
1446 393 1556 414 eorum
1583 394 1642 414 ex·-

325 448 435 490 positio
455 448 548 478 nimis
569 447 662 489 longa
685 447 780 483 foret,
802 446 859 476 uni
881 450 1003 474 tantum
1025 454 1064 473 ex
1086 443 1136 481 iis,
1157 454 1228 484 quae
1248 443 1281 473 in
1301 443 1404 485 ipsum
1425 454 1553 475 cursum
1569 456 1642 476 aca—

325 510 483 540 demicum
514 509 651 547 cadunt,
684 509 833 551 quoniam
859 508 955 537 instar
983 505 1125 536 onmium
1157 510 1221 542 est,
1255 504 1504 536 immorabimur.
1544 506 1642 550 Cujus

326 573 452 615 quidem
485 572 697 614 explanationi
735 571 798 601 duo
828 574 983 612 praecepta
1017 566 1175 609 generalia
1213 568 1436 609 praemittenda
1471 569 1641 609 videntur,

326 647 461 678 quorum
487 635 621 665 alterum
650 640 696 664 est
720 633 796 663 hoc:

368 699 392 728 Ι.
422 700 478 736 Iis,
506 699 562 740 qui
590 698 733 727 animum
760 695 909 726 doctrinis
934 693 1074 735 expolire
1104 693 1184 723 serio
1214 693 1363 735 cupiant,
1393 693 1474 724 nihil
1498 695 1643 726 omnium

325 772 450 797 eorum,
476 770 546 801 quae
569 760 651 789 inter
675 758 758 788 cibos
782 756 987 787 humanitatis
1012 755 1218 795 reseruntur,
1247 767 1311 787 esse
1336 757 1564 799 negligendum
1588 764 1643 789 aut

325 821 604 852 contemnendum.

413 884 557 914 Alterum
583 894 657 915 vero
680 882 762 912 hoc:

369 946 408 976 II.
443 946 554 976 lisdem
577 946 659 977 viam
684 944 723 975 ad
743 943 947 986 philosophice
972 943 1129 986 templum
1150 954 1208 986 per
1226 943 1455 975 mathematum
1480 945 1557 975 atria
1578 956 1643 976 esse

327 1008 527 1050 capiendam,
554 1009 702 1050 quoniam
728 1007 847 1038 scilicet
871 1007 1050 1048 geometrice
1070 1006 1186 1049 ignaris
1209 1018 1247 1037 ex
1268 1008 1422 1038 sententia
1443 1009 1642 1038 Xenocratis

326 1083 407 1102 ansae
428 1070 632 1113 philosophiae
655 1070 784 1107 desunt,
815 1069 1020 1111 philosophiae
1046 1075 1151 1100 autem
1173 1069 1296 1100 lumine
1321 1070 1419 1101 orbati
1443 1071 1476 1101 in
1498 1071 1644 1101 omnib-us

326 1134 456 1176 reliquis
482 1134 655 1176 disciplinis
679 1134 862 1164 czccutiunt.

369 1197 439 1227 Jam
468 1203 505 1227 ut
532 1197 728 1239 praecipuum
760 1195 845 1225 istud
873 1194 1015 1225 medium
1048 1194 1252 1225 scientiarum
1277 1206 1415 1225 amorem
1443 1195 1643 1226 Platonicum

326 1260 497 1298 excitandi,
514 1259 598 1301 quod
614 1260 797 1301 quaerimus,
812 1258 1041 1299 investigemus
1053 1256 1091 1287 ad
1108 1256 1267 1287 historiam
1284 1257 1490 1299 philosophiae
1504 1257 1644 1289 redeun-

326 1322 402 1354 dum
428 1328 494 1361 est,
521 1333 538 1353 e
564 1333 626 1363 qua
656 1321 824 1358 discimus,
851 1319 890 1349 ab
914 1319 1043 1360 antiqua
1070 1318 1266 1360 philosophia
1294 1330 1394 1361 usque
1420 1319 1459 1350 ad
1484 1320 1642 1352 Socratem

324 1395 473 1415 numeros
507 1390 674 1425 motusque
706 1388 852 1413 tractatos
880 1382 995 1420 fuisse,
1026 1387 1058 1412 et
1085 1381 1170 1412 unde
1201 1382 1306 1412 omnia
1331 1383 1508 1421 orirentur,
1540 1394 1643 1424 quove

325 1447 519 1487 reciderent,
545 1447 746 1489 studioseque
771 1445 810 1476 ab
829 1446 877 1476 his
894 1445 1032 1476 siderum
1054 1444 1304 1487 magnitudines,
1331 1445 1512 1484 intervalla,
1533 1456 1644 1477 cursus

327 1516 359 1541 et
377 1516 491 1541 cuncta
507 1510 643 1541 coelestia
659 1510 831 1551 anquisita;
847 1509 1006 1539 Socratem
1022 1514 1128 1538 autem
1145 1507 1285 1549 primum
1300 1506 1529 1549 philosophiam
1546 1507 1644 1539 devo—

327 1583 410 1603 casse
432 1583 449 1603 e
466 1572 549 1603 coelo
569 1578 601 1602 et
620 1573 654 1602 in
674 1572 805 1603 urbibus
826 1572 1041 1610 collocavisse,
1063 1577 1095 1602 et
1115 1571 1146 1601 in
1170 1570 1277 1601 domos
1298 1571 1392 1601 etiam
1413 1570 1642 1609 introduxisse,

327 1640 359 1664 et
377 1635 510 1676 coegisse
527 1634 566 1664 de
585 1635 648 1666 vita
665 1640 696 1664 et
717 1633 855 1666 moribus
873 1634 1032 1676 rebusque
1053 1633 1141 1664 bonis
1162 1639 1194 1664 et
1214 1633 1304 1664 malis
1324 1645 1476 1675 quaerere.
1497 1634 1529 1664 Si
1545 1635 1643 1676 igitur

326 1696 417 1726 istam
440 1696 645 1737 philosophiae
668 1696 802 1735 faciem,
830 1708 925 1739 quam
953 1697 1093 1728 Socrates
1119 1708 1176 1727 suo
1202 1707 1270 1728 aevo
1293 1696 1473 1735 invenerat,
1503 1707 1576 1727 cum
1606 1707 1642 1727 ea

328 1770 560 1800 comparemus,
589 1770 661 1801 quae
681 1759 768 1790 nobis
790 1760 883 1791 hodie
907 1761 1055 1799 offertur,
1081 1760 1248 1802 utriusque
1269 1760 1396 1790 omnino
1417 1760 1590 1802 oppositam
1611 1766 1643 1790 et

327 1822 515 1851 contrariam
533 1832 597 1852 esse
618 1822 770 1853 rationem
793 1823 938 1854 omnibus
959 1823 1163 1866 perspicuum
1185 1828 1241 1854 est.
1268 1822 1330 1853 Nos
1350 1823 1469 1864 quippe
1490 1834 1553 1853 non
1570 1823 1642 1853 satis

326 1883 496 1915 habuimus
520 1885 554 1915 in
577 1884 669 1915 urbes
689 1897 724 1916 ac
749 1885 855 1917 domos
875 1887 1104 1929 philosophiam
1128 1885 1340 1916 introductam
1363 1883 1484 1923 videre,
1508 1883 1561 1914 sed
1583 1883 1642 1915 sub

328 1951 408 1976 tecta
428 1957 554 1986 eorum,
576 1948 632 1989 qui
652 1948 804 1979 technicis
823 1949 970 1992 operibus
988 1954 1194 1987 exercentur,
1216 1948 1314 1989 inque
1336 1948 1483 1989 opificum
1504 1945 1641 1977 officinas

325 2007 551 2052 fabrorumque
584 2010 715 2041 fabricas
748 2011 833 2043 illam
863 2011 1093 2051 conduximus,
1135 2011 1215 2053 quin
1248 2010 1281 2040 in
1311 2016 1435 2052 cryptas
1461 2015 1493 2040 et
1518 2009 1642 2040 fodinas
