1809 2469
805 222 919 265 (2³)

370 347 577 380 JUDICIUM
622 345 789 377 ORDINIS
835 344 1347 378 MATHEMATICO-PHYSICI.

236 441 286 473 Ad
316 442 524 485 quaestionem
551 439 738 481 physicam
763 437 845 469 nihil
868 448 1056 481 responsum
1080 439 1154 470 fuit.

237 505 287 537 Ad
324 505 532 547 quaestionem
570 503 855 535 Matlzematicam
896 514 1001 534 unum
1040 503 1171 546 quidem
1214 515 1400 547 responsum
1443 503 1533 535 nobis

191 569 412 601 transmissum
433 568 513 608 fuit,
544 567 705 611 symbolo:
741 568 905 598 Utinam!
939 568 1098 598 Utinam!
1127 573 1295 607 notatum,
1325 568 1422 599 etita
1451 567 1533 599 bene

190 632 410 672 elaboratum,
445 638 483 664 ut
509 631 591 663 illud
624 631 770 663 unanimi
802 642 960 663 consensu
990 633 1122 675 praemio
1157 632 1293 675 dignum
1323 631 1532 676 judicaretur.

190 697 311 739 Aperta
350 707 426 729 vero
465 695 618 727 schedula
658 695 828 728 didicimus
862 696 1015 739 quidem,
1055 702 1219 728 auctorem
1263 707 1330 728 esse
1362 697 1536 727 alumnum

191 760 316 791 scholae
343 760 588 802 metallurgicae
603 759 812 790 Academia>
836 759 1033 790 Leodiensis
1042 782 1055 796 ,
1078 759 1148 790 loco
1169 765 1277 790 autem
1298 760 1437 790 nominis
1452 759 1536 790 duos

193 824 373 855 asteriscos
399 824 515 866 positos
538 824 733 855 invenimus.
767 821 849 853 Cum
874 822 974 864 igitur
996 821 1094 863 hujus
1118 823 1395 853 commentationis
1424 828 1536 854 auctor

190 899 256 918 non
287 887 477 918 satisfecerit
508 885 744 917 conditionibus
778 890 1015 928 programmate
1050 885 1226 928 expressis,
1267 886 1439 929 praemium
1475 887 1535 929 ipsi

193 947 370 992 adjudicari
399 956 469 979 non‘
489 949 633 991 potuisse
658 948 815 979 dolemus.

234 1011 284 1044 Ad
308 1012 516 1054 quaestionem
541 1012 746 1043 Bolanicam
777 1011 873 1043 unica
899 1017 1028 1054 accepta
1054 1017 1102 1043 est
1130 1013 1309 1056 responsio,
1342 1012 1436 1056 cujus
1464 1013 1535 1056 epi-

192 1075 313 1119 graphe
335 1082 397 1107 est:
430 1076 571 1113 Pauca,
603 1087 680 1118 quae
703 1076 796 1113 dixi,
827 1076 909 1107 vidi.
942 1076 1097 1108 Unanimi
1128 1083 1236 1108 autem
1261 1077 1413 1121 suffragio
1439 1077 1534 1120 digna

191 1145 317 1182 reperta
337 1145 400 1179 est,
424 1140 477 1171 cui
498 1140 669 1182 praemium
694 1141 936 1172 attribueretur.
963 1141 1082 1184 Aperta
1101 1142 1254 1173 schedula
1279 1142 1398 1185 prodiit
1416 1153 1534 1173 nomen

193 1202 312 1234 CAnou
335 1203 495 1234 FRAmsm
520 1203 654 1234 ANTomi
683 1203 837 1244 Monam,
864 1204 1098 1245 Gandavensis,
1122 1206 1328 1238 scientiarum
1356 1206 1535 1237 mathema-

191 1267 329 1297 ticarum
364 1271 396 1297 et
428 1266 633 1309 physicarum
665 1267 699 1297 in
728 1267 788 1298 hac
819 1274 925 1299 nostra
954 1269 1125 1300 Academia
1161 1269 1349 1310 Candidati,
1387 1269 1532 1313 ejusdem

189 1328 298 1370 illius,
329 1329 385 1372 qui
415 1340 498 1360 anno
522 1329 724 1372 praecedente
750 1331 920 1373 praemium
947 1331 1152 1375 Zoologicum
1175 1334 1369 1376 reportavit,
1400 1339 1433 1364 et
1456 1333 1534 1376 qui,

189 1403 286 1435 super
327 1392 604 1423 commentationis
640 1399 831 1435 argumento
870 1395 1049 1427 secuudum
1082 1395 1188 1439 legem
1223 1397 1458 1440 interrogatus,
1501 1408 1534 1428 se

189 1466 304 1488 verum
330 1455 399 1499 ejus
422 1461 587 1487 auctorem
613 1452 842 1499 comprobarit.

235 1518 383 1558 «Salve,
411 1519 620 1551 ornatissime
649 1520 801 1561 Monam,
829 1522 948 1554 iterum
969 1523 1070 1555 victor
1094 1525 1128 1555 in
1151 1523 1250 1555 nobili
1278 1525 1534 1556 commilitonum

191 1593 209 1613 ³>
227 1582 420 1614 certamine!
455 1583 593 1614 Natura
622 1585 657 1615 in
682 1586 830 1617 minimis
863 1588 1023 1619 maxima.
1059 1588 1178 1631 Perge,
1205 1599 1267 1631 qua
1288 1589 1432 1631 coepisti,
1459 1588 1534 1619 dili-

190 1656 210 1677 »
226 1646 333 1689 gentia
362 1648 558 1689 perscrutari
585 1648 736 1688 minima,
763 1657 816 1691 et,
845 1663 910 1695 quo
937 1650 1083 1696 coepisti’,
1118 1653 1465 1696 successurpervenies
1493 1653 1533 1683 ad

191 1718 211 1738 >³
226 1709 365 1740 maxima
381 1708 412 1739 !”

489 1814 696 1848 JUDICIUM
741 1818 1001 1852 FACULTATIS
1047 1821 1232 1853 MEDICAE.

234 1927 253 1947 ((
275 1916 468 1956 Quaeritur,
512 1919 597 1962 quid
630 1920 670 1952 cle
705 1921 835 1963 duplici
872 1934 1045 1956 nervorum
1081 1926 1383 1968 Enceplzalieorum
1418 1926 1531 1956 ordine

190 1981 388 2012 censendam
413 1983 480 2020 sit,
518 1995 658 2026 quorum
683 1986 771 2018 aller
804 1988 851 2019 acl
881 2001 1021 2027 sensus,
1052 1991 1139 2021 alter
1163 1991 1210 2022 (ch
1235 1996 1344 2021 motus
1363 1991 1531 2032 pertinere

191 2044 371 2076 et·eclitzc7·.”
