1809 2469
752 237 863 278 (33)

146 315 324 353 segmento,
346 309 534 348 conflatum,
560 320 630 351 quae
651 307 728 338 tubo
752 308 915 338 communi
935 308 1016 339 circa
1042 309 1133 341 ambo
1154 311 1239 343 illius
1264 321 1402 346 extrema
1424 317 1466 348 ita

144 363 372 402 includuntur,
399 369 437 394 ut
456 363 549 393 lentis
567 361 730 404 ol,›jeclix·ae
747 360 837 392 focus
856 361 947 392 realis
968 374 1041 393 cum
1056 363 1149 394 lentis
1170 365 1304 397 ocularis
1323 368 1465 401 ulteriori

144 415 214 446 foco
241 416 425 457 imaginario
446 415 510 446 sive
530 414 657 446 virtuali
684 415 750 446 fere
772 421 936 458 congruat.

188 468 235 499 Sit
260 469 357 511 igitur
383 468 402 498 S
431 469 455 498 P
480 467 637 510 objectum
670 467 883 511 longinquum
915 480 954 499 ex
984 470 1125 512 quolibet
1153 479 1273 514 puncto
1307 474 1408 506 radios
1433 478 1465 507 iu

144 521 263 552 lentem
284 520 471 564 objeclixam
493 520 550 550 OO
580 521 743 561 emittens,
771 523 828 564 qui
851 528 981 565 propter
1004 525 1197 566 suppositam
1220 527 1383 569 ingentem
1409 529 1466 560 oh-

144 574 217 617 jeeti
248 573 425 604 distantiam
462 579 498 605 ut
526 574 669 616 paralleli
704 575 894 607 considerari
924 583 1066 619 possunt.
1100 578 1146 616 Ii,
1189 580 1243 621 qui
1276 591 1315 611 ex
1351 581 1465 625 objecti

142 632 260 669 puncto
287 626 311 656 C
332 627 364 657 in
390 637 448 657 axe
471 626 566 657 lentis
582 629 682 670 posito
705 628 931 670 egrediuntur,
954 630 986 660 in
1009 630 1106 674 hujus
1128 631 1199 663 foco
1220 644 1237 663 e
1255 643 1462 668 concurrunt.

140 680 230 711 Radii
251 691 289 710 ex
310 679 371 710 alio
392 691 586 722 quocunque
607 687 728 723 puncto
746 681 765 711 S
785 682 899 724 egressi
927 690 1123 714 concurrunt
1145 686 1177 715 iu
1197 693 1318 728 puncto
1338 700 1354 718 s
1369 696 1464 721 rectae

141 745 159 764 e
179 739 299 775 puncto
319 733 339 763 S
359 743 415 775 per
436 732 529 763 lentis
552 733 610 763 OO
624 757 632 772 ‚
659 739 821 776 utrunque
842 745 879 764 ex
901 746 991 776 aequo
1016 747 1178 776 convexae,
1201 745 1347 771 centrum
1368 748 1462 783 actae,

140 792 172 817 et
194 786 358 828 productae
384 785 484 817 donec
506 798 522 816 a
549 792 654 825 recta,
687 787 737 816 axi
761 787 794 816 in
826 798 843 817 c
872 788 1027 827 vet-zicah,
1060 790 1279 823 intersecelur.
1311 794 1463 827 Similiter

139 840 242 881 imago
267 839 378 880 puncti
400 839 425 869 P
445 838 614 870 exhibetur
634 840 667 869 in
690 845 810 881 puncto
829 851 854 880 p
879 847 974 871 rectae
993 841 1051 882 Pp.
1080 842 1150 873 Jam
1174 843 1250 875 huic
1270 847 1400 888 imagini
1421 860 1460 889 sp

138 898 234 934 atque
258 891 336 921 lenti
360 890 522 933 objectivae
550 892 607 922 OO
629 892 851 934 interponatur
874 892 942 923 lens
972 904 1107 925 concava
1132 897 1184 926 LL
1204 898 1268 936 ita,
1299 905 1335 929 ut
1364 899 1460 943 hujus

137 949 293 986 punctum
319 943 475 985 dispersus
499 944 564 975 sive
589 944 679 975 focus
704 945 844 976 virtualis
866 946 1021 977 coincidat
1045 959 1119 979 cum
1144 949 1230 981 illius
1257 951 1327 982 foco
1347 965 1374 984 c.
1403 954 1459 985 Uti

134 997 232 1039 igitur
252 995 331 1027 radii
354 997 405 1026 axi
429 996 570 1038 paralleli
596 1007 635 1028 ex
658 1003 748 1040 parte
772 999 885 1041 puncti
909 1010 927 1029 c
949 1001 1203 1043 progredientes,
1231 1005 1422 1038 refractione
1441 1020 1458 1038 a

134 1049 220 1081 lente
237 1049 289 1079 LL
306 1048 417 1080 effecta
434 1049 476 1080 ita
491 1049 709 1090 afficerentur,
730 1057 768 1082 ut
789 1062 826 1082 ex
843 1052 909 1093 ipso
922 1059 1042 1095 puncto
1057 1066 1074 1084 c
1096 1056 1241 1098 progredi
1260 1058 1457 1099 viderentur,

133 1103 177 1133 sic
205 1114 333 1145 quoque
365 1103 498 1134 vicissim
526 1104 606 1134 radii
637 1116 746 1136 versus
776 1111 933 1147 punctum
969 1117 986 1136 c
1021 1107 1185 1139 tendentes
1211 1111 1334 1141 actione
1363 1112 1458 1143 lentis

133 1167 280 1187 coucavae
305 1156 356 1186 axi
384 1156 526 1198 paralleli
545 1156 736 1188 redduntur.
764 1158 915 1189 Similiter
934 1159 1014 1189 radii
1039 1171 1145 1192 versus
1169 1169 1325 1204 punctum
1345 1176 1362 1195 s
1383 1171 1457 1196 ten-

87 1217 93 1220 ’
132 1208 242 1239 dentes
270 1208 411 1250 paralleli
448 1209 530 1240 fiunt
556 1215 651 1240 rectae
674 1221 711 1240 sr
742 1217 774 1241 et
806 1211 885 1241 radii
918 1223 1025 1243 versus
1053 1220 1211 1255 punctum
1230 1227 1258 1256 p
1289 1217 1455 1250 tendentes

131 1261 272 1303 paralleli
299 1266 393 1291 rectae
410 1272 466 1302 pr.

173 1314 205 1343 Si
231 1314 329 1355 igitur
359 1313 470 1344 oculus
499 1313 580 1345 lenti
607 1315 659 1345 LL
690 1315 835 1356 proxime
860 1316 1006 1348 admotus
1038 1319 1223 1363 presbyopia
1254 1322 1392 1365 gaudet,
1423 1331 1455 1355 et

130 1365 294 1408 quodlibet
314 1371 485 1408 punctum,
511 1377 529 1397 e
550 1378 614 1409 quo
637 1368 741 1399 emissi
761 1368 904 1411 paralleli
924 1370 1002 1402 radii
1019 1372 1123 1414 ipsum
1146 1373 1283 1415 feriunt,
1306 1376 1453 1410 distincte

129 1418 231 1458 videt,
257 1430 328 1461 quae
349 1420 526 1450 communis
540 1426 586 1451 est
600 1421 767 1453 oculorum
786 1433 936 1454 sanorum
956 1430 989 1455 et
1007 1424 1089 1456 bene
1114 1429 1358 1460 constitutorum
1374 1442 1453 1462 con-

129 1471 224 1511 ditio,
247 1471 367 1503 videbit
388 1473 484 1503 etiam
498 1472 644 1505 distincte
664 1480 823 1518 punctum
844 1476 864 1506 S
883 1482 916 1507 et
935 1478 1053 1520 pariter
1071 1486 1228 1522 punctum
1246 1482 1288 1522 P,
1307 1494 1367 1514 nec
1386 1495 1451 1515 non

128 1526 233 1556 omnia
254 1525 419 1569 interjecta
440 1533 577 1568 puncta,
602 1529 650 1559 uti
672 1528 712 1567 C,
737 1530 759 1560 i.
782 1540 811 1560 e.
836 1535 937 1561 totum
960 1530 1136 1574 objectum,
1162 1535 1310 1576 quoniam
1334 1537 1367 1567 in
1388 1538 1451 1568 situ

126 1578 264 1609 indicato
295 1589 333 1609 ex
368 1578 515 1610 omnibus
544 1580 630 1611 hisce
662 1582 788 1623 punctis
817 1582 981 1624 parallelos
1015 1585 1129 1627 recipit
1157 1586 1276 1628 radios,
1312 1599 1449 1631 quorum

128 1632 262 1674 cylindri
284 1632 401 1674 singuli
424 1633 458 1663 in
479 1634 580 1664 retina
600 1636 634 1665 in
653 1634 777 1677 singula
798 1642 916 1678 puncta
941 1637 1185 1669 condensantur.

171 1685 317 1728 Cumque
339 1685 475 1728 angulus
489 1698 569 1727 prs,
596 1699 613 1718 a
634 1688 729 1719 radiis
749 1689 788 1720 ad
806 1689 936 1721 oculum
959 1690 1128 1731 formatus,
1153 1692 1252 1736 major
1271 1694 1311 1725 sit
1331 1695 1448 1738 angulo

126 1737 212 1777 PnS,
242 1738 301 1769 sub
321 1749 384 1780 quo
410 1738 568 1783 objectum
589 1741 636 1771 SP
658 1741 749 1772 oculo
774 1742 863 1774 nudo
889 1750 1073 1787 appareret,
1097 1746 1140 1776 ita
1162 1752 1199 1777 ut
1222 1748 1308 1790 prior
1331 1748 1448 1780 horum

126 1790 315 1833 angulorum
337 1802 369 1822 se
392 1791 507 1823 habeat
526 1792 564 1823 ad
584 1795 787 1836 posteriorem
813 1796 860 1826 uti
881 1803 966 1828 recta
989 1809 1030 1828 nc·
1051 1798 1091 1830 ad
1115 1805 1234 1831 rectam
1259 1812 1311 1838 rc,
1336 1802 1448 1833 oculus

129 1843 247 1875 videbit
274 1844 431 1888 objectum
461 1846 638 1878 secundum
669 1848 802 1880 eandem
835 1850 988 1881 rationem
1015 1851 1262 1894 amplificatum,
1297 1854 1375 1885 adeo
1411 1861 1447 1886 ut

101 1898 284 1939 vexponens
319 1897 415 1940 hujus
448 1899 576 1930 rationis
606 1906 757 1944 tanquam
793 1913 940 1935 mensura
973 1904 1225 1947 amplificationis
1256 1907 1445 1939 considerari

125 1955 230 1992 possxt.

167 2002 314 2045 Denique
343 2002 457 2047 objecti
483 2004 543 2036 hoc
570 2006 738 2050 telescopio
766 2009 823 2041 visi
855 2010 951 2041 situm
978 2010 1066 2055 nobis
1090 2023 1242 2054 apparere
1280 2019 1442 2054 erectum,

1015 2064 1035 2094 5
