1809 2469
926 224 1038 266 (60)

367 303 489 333 Motum
512 312 586 332 vero
611 299 814 331 instrumenti
840 299 872 329 in
893 298 988 340 plano
1012 298 1165 329 horizonti
1188 299 1337 341 parallelo
1362 301 1559 342 producendi
1580 302 1647 334 lnaec

324 362 369 387 cst
392 356 480 386 ratio.

367 410 525 439 Donamus
556 406 739 449 quadrantis
765 405 888 435 radium
915 405 1111 446 superiorem
1140 405 1179 436 ad
1206 407 1300 437 situm
1327 406 1482 438 horizonti
1508 408 1647 450 paralle-

322 462 390 492 lum
408 461 576 492 reductum
593 471 674 498 esse,
697 465 773 489 tunc
795 458 888 489 simul
911 468 1039 499 quoque
1056 464 1117 488 tres
1139 458 1274 497 tabulas,
1294 459 1378 490 dicto
1398 460 1484 491 radio
1504 462 1647 503 proxime

322 515 501 557 impositaS,
538 513 640 544 eidem
672 513 764 554 plano
792 511 956 553 parallelas
982 522 1068 548 esse,
1099 522 1137 542 ex
1166 512 1233 554 ipso
1256 513 1366 552 figurae
1400 513 1520 544 intuitu
1549 520 1646 555 patet.

323 568 483 606 Quaelibet
511 567 624 598 haruin
654 566 855 603 tabularum,
891 564 1122 607 progrediendo
1147 576 1162 594 a
1189 576 1337 607 suprema
1367 565 1406 596 ad
1434 566 1597 604 infimam,
1629 578 1646 597 a

321 627 474 663 sequente
495 620 655 650 dirimitur
680 618 852 661 intcrjectis
878 620 1040 660 utrimque
1063 618 1226 648 asserculis
1250 618 1414 660 plintliidis
1437 619 1576 661 speciem
1595 630 1648 650 re—

322 674 510 705 ferentibus.
533 673 621 703 Binae
643 683 717 703 vero
740 683 848 701 earum
867 672 909 702 ita
930 672 1012 701 inter
1030 682 1062 701 se
1081 677 1330 709 connectuntur,
1354 677 1390 702 ut
1407 683 1555 714 suprema
1573 683 1647 703 cum

322 728 424 758 media
456 726 495 756 ad
521 726 663 756 dextram
691 724 802 765 (Tab.
831 723 912 764 1.),'
941 723 1043 754 media
1077 734 1152 754 vero
1180 735 1253 753 cum
1283 724 1391 754 infima
1420 724 1459 754 ad
1490 725 1648 756 sinistram

322 782 488 822 colligetur
510 790 568 810 axe
593 777 766 822 cylindrico
786 776 979 815 oricbalceo,
1005 776 1093 806 binas
1117 776 1304 818 trajiciente.
1333 777 1482 819 Denique
1500 788 1648 820 suprema

322 835 436 866 harum
465 832 644 863 tabularum
668 831 706 861 ad
733 831 894 868 sinstrani,
922 829 1023 860 media
1050 840 1125 860 vero
1147 829 1185 859 ad
1211 829 1371 867 dextram,
1398 830 1575 861 secundum
1598 831 1648 862 di-

321 888 495 919 rectionem
534 884 731 922 latitudinis,
766 882 961 913 conformata
992 887 1039 912 est
1070 882 1102 912 in
1137 882 1271 924 figuram
1307 883 1435 913 sectoris
1465 883 1648 923 circularis,

322 941 417 972 cincti
448 939 586 970 circuitu
616 936 743 968 sectoris
774 934 960 972 oriclialcei,
998 933 1090 975 cujus
1119 934 1216 964 fronti
1247 935 1342 977 spirae
1371 947 1515 967 concavae
1542 936 1648 968 incisa:

321 1000 406 1025 sunt.
432 993 553 1023 Harum
575 991 731 1033 spirarum
756 988 902 1031 quaedam
927 987 965 1017 ad
987 993 1167 1018 extremum
1191 987 1308 1019 tabulae
1329 993 1392 1018 tam
1412 999 1585 1030 supremae,
1609 989 1648 1020 ad

321 1048 477 1078 sinistram
502 1056 598 1086 quam
625 1042 751 1080 mediae,
777 1041 816 1072 ad
839 1041 996 1079 dextram,
1020 1042 1109 1082 quasi
1133 1046 1218 1071 trans
1243 1041 1380 1072 cochleae
1404 1042 1537 1072 infinitae
1561 1041 1648 1074 orbi-

323 1101 433 1132 culum
453 1098 608 1136 visibiles,
634 1096 761 1139 punctis
785 1094 1033 1133 adumbrantur,
1059 1093 1137 1124 dum
1157 1093 1274 1124 lamina
1294 1093 1363 1124 illas
1383 1100 1526 1136 gestans,
1553 1095 1648 1126 tabu-

321 1154 449 1195 lamque
475 1163 532 1182 suo
556 1150 707 1192 amplexu
733 1148 894 1190 excipiens
917 1153 949 1178 et
973 1147 1154 1185 continens,
1181 1158 1254 1177 cum
1280 1147 1429 1187 cochlea,
1460 1159 1523 1191 qua
1549 1149 1647 1180 altera

322 1207 412 1237 alteri
433 1205 522 1236 assixa
549 1209 692 1240 tenetur,
719 1201 920 1232 lineamentis
945 1211 1090 1241 expressa
1112 1200 1317 1242 conspicitur.

366 1260 525 1290 Praeterea
556 1255 671 1286 tabulae
701 1254 811 1284 mediae
847 1252 886 1283 ad
915 1253 1093 1291 sinistram,
1123 1253 1239 1284 infimae
1272 1264 1346 1285 vero
1374 1254 1413 1285 ad
1443 1254 1588 1286 dextram
1613 1256 1648 1286 in

323 1313 473 1355 oppositis
499 1309 677 1341 latitudinis
701 1309 850 1338 extremis
877 1306 967 1337 affixa
996 1313 1071 1337 sunt
1098 1306 1217 1348 quadra
1251 1306 1448 1345 orichalcea,
1479 1307 1648 1339 condentia

322 1365 482 1402 chelonia,
505 1364 537 1393 in
559 1362 675 1404 quibus
697 1367 799 1391 motus
820 1360 900 1391 liber
918 1361 1086 1391 rotatorius
1103 1359 1289 1391 conceditur
1307 1362 1458 1391 extremis
1479 1361 1649 1393 oriclialcei

323 1419 405 1455 axis,
436 1416 595 1447 cochleam
618 1414 774 1444 infinitam
801 1415 970 1455 gestantis,
998 1420 1029 1444 et
1055 1413 1094 1444 ad
1118 1414 1274 1444 sinistram
1300 1424 1339 1443 ex
1361 1420 1452 1455 parte
1476 1415 1648 1455 anteriori,

324 1471 364 1501 ad
385 1470 527 1500 dextram
549 1479 622 1499 vero
642 1467 804 1508 utrimque
826 1467 857 1496 in
876 1465 1055 1497 orbiculum
1075 1466 1254 1504 terminati,
1276 1465 1368 1508 cujus
1385 1466 1478 1508 spirae
1500 1478 1649 1499 convexae

324 1523 517 1566 respondent
533 1520 707 1552 intervallis
722 1521 876 1562 spirarum
900 1531 1110 1550 conc-avarum
1130 1519 1226 1550 fronti
1245 1519 1467 1561 praedictorum
1490 1525 1649 1551 sectorum

325 1576 529 1608 circularium
547 1575 727 1605 incisarum.
747 1573 801 1603 llis
820 1573 957 1611 accedit,
975 1573 1060 1614 quod
1077 1578 1213 1614 uterque
1230 1572 1345 1603 horum
1361 1573 1470 1603 axium
1486 1573 1519 1602 in
1533 1574 1647 1613 situm,

324 1631 480 1672 spirarum
502 1629 533 1657 in
556 1626 657 1657 sulcos
678 1627 794 1656 actioni
810 1626 1067 1664 convenientem,
1092 1626 1238 1668 adigatur
1256 1624 1384 1656 cochlea
1408 1627 1647 1668 compressoria,

324 1683 362 1713 ad
387 1681 518 1723 angulos
539 1686 638 1710 rectos
659 1680 692 1709 in
716 1680 819 1720 ipsum
837 1678 966 1709 directa.
991 1679 1110 1710 Harum
1129 1679 1330 1710 cochlearum
1350 1679 1648 1720 compressoriarum

325 1747 376 1775 ea,
398 1746 469 1777 quae
495 1733 609 1764 tabulae
633 1733 743 1763 mediae
764 1733 922 1775 quadrum
945 1733 1077 1776 trajicit,
1105 1738 1189 1762 trans
1209 1731 1389 1762 orbiculum
1411 1730 1548 1762 cochleae
1573 1732 1649 1763 infi-

324 1790 400 1820 nitae
421 1788 564 1825 visibilis,
587 1787 713 1829 punctis
735 1786 919 1817 adumbrata
941 1786 1112 1817 exhibetur
1132 1786 1144 1827 (
1161 1785 1242 1815 Tab.
1260 1784 1330 1826 L),
1351 1783 1551 1815 lineamentis
1572 1795 1648 1816 vero

324 1853 487 1884 expressa,
514 1847 665 1882 tanquam
688 1840 746 1881 ipsi
769 1839 859 1870 oculo
880 1841 1023 1881 proxima
1044 1840 1150 1882 (Tah.
1177 1839 1249 1880 ΙΙ).

367 1893 493 1933 Quibus
522 1892 690 1934 suppositis
716 1892 808 1922 facile
837 1899 944 1934 patet,
973 1893 1080 1935 quod,
1112 1891 1256 1923 orbiculo
1284 1890 1420 1921 coclileae
1447 1891 1580 1921 infinitae
1608 1891 1648 1922 ad

323 1948 479 1978 sinistram
503 1947 612 1988 positae
633 1945 884 1985 circumvoluto‚
910 1946 1106 1988 producatur
1136 1951 1239 1976 motus
1269 1943 1431 1975 circularis
1452 1943 1568 1974 tabulae
1591 1955 1647 1976 su-

322 2013 439 2045 prema:
459 2006 582 2031 etcum
601 2010 637 2030 ea
659 1999 753 2029 totius
775 1999 935 2042 telescopii
955 2010 1051 2042 super
1067 1999 1162 2042 plano
1180 1997 1335 2029 horizonti
1355 1997 1505 2040 parallelo
1528 1997 1648 2030 tabulae
