1809 2469
945 205 1059 248 (68)

348 297 365 315 »
383 295 497 315 vexum
519 282 690 313 absolutius
711 292 750 312 ex
772 280 901 311 minoris
922 278 973 310 vel
995 276 1121 321 majoris
1145 276 1274 319 sphaerae
1297 282 1458 319 segmento
1480 276 1579 308 fuerit
1598 277 1665 308 ela-

349 348 366 366 »
382 336 546 373 boratum,
574 335 616 365 ita
642 340 677 364 ut
702 332 840 376 jurares,
863 330 944 362 nihil
966 341 1108 372 unquam
1135 329 1323 368 dilucidius,
1351 329 1528 359 distinctius
1555 335 1587 360 et
1609 328 1666 360 ab-

351 400 366 418 »
383 387 516 418 solutius
539 386 682 417 exhiberi
702 396 800 427 posse.
833 384 955 414 Verum
979 383 1063 413 enim
1089 393 1162 413 vero
1188 383 1239 413 vix
1262 382 1355 412 fidem
1381 382 1457 411 mihi
1483 381 1664 421 adhibebis,

350 452 366 470 ))
383 441 441 470 nisi
465 440 598 482 ipsemet
620 449 686 468 rem
713 439 810 479 ipsam
834 436 1045 478 exploraveris
1065 435 1227 477 oculisque
1253 436 1314 466 tuis
1335 434 1520 477 subjeceris,
1546 441 1665 476 quanto

350 504 366 522 ))
385 492 513 529 melius,
536 491 666 529 clarius,
691 490 868 520 distinctius
892 494 924 519 et
946 488 1077 519 nitidius
1096 489 1251 519 universas
1272 499 1379 518 rerum
1403 487 1572 518 visibilium
1594 498 1667 530 spe—

351 557 367 575 »
385 545 462 582 cies,
486 543 637 574 beneficio
662 543 780 573 scilicet
799 542 919 584 speculi
944 541 1078 584 alicujus
1102 543 1251 580 concavi,
1273 541 1340 572 loco
1366 540 1487 571 tabellae
1512 541 1666 582 expositi,

351 610 369 628 5>
386 597 612 634 exhibeantur,
637 602 668 626 et
688 596 816 637 quiden]
844 602 905 626 tam
928 595 1093 633 distincte,
1122 600 1159 625 ut
1181 594 1219 624 ad
1242 594 1421 624 distantiam
1447 593 1567 634 aliquot
1592 603 1670 624 cen-

351 662 369 680 ))
387 657 453 681 tum
478 656 626 692 passuum
657 648 769 679 lateres
797 649 956 687 turrium,
996 649 1059 678 imo
1090 647 1196 678 literas
1226 646 1360 689 alicujus
1384 647 1612 688 magnitudinis
1635 647 1669 677 in

353 713 507 732 »camera
533 701 694 731 obscurata
719 706 751 730 et
771 700 948 730 discernere
971 706 1003 730 et
1025 710 1195 730 numerare
1220 699 1298 729 mihi
1323 699 1436 736 liceat,
1463 699 1557 740 plane
1583 710 1619 729 ac
1644 699 1670 730 si

352 767 369 784 ))
385 754 429 784 sol
452 754 579 795 penitus
604 759 705 783 totum
733 752 838 783 locum
870 752 1085 790 illuminaret,
1115 751 1233 781 coelum
1259 750 1334 781 licet
1360 750 1500 781 nubibus
1527 751 1671 793 undique

352 818 370 836 )‘›
386 806 425 836 sit
449 804 642 835 obtectum.’'

396 857 566 888 »Proinde
601 867 673 886 cum
706 862 791 886 certo
821 857 937 887 certius
964 856 1021 895 sit,
1058 861 1090 886 et
1117 856 1150 886 in
1177 855 1289 897 Optica
1315 854 1412 896 probe
1439 855 1609 886 fundatum
1636 867 1672 887 ac

356 923 372 941 »
389 911 654 948 demonstratum,
677 909 804 951 specula
825 921 959 940 concava
984 909 1140 940 universis
1162 909 1249 939 vitris
1271 909 1418 939 convexis
1443 909 1573 938 mirifice
1595 908 1673 939 sub-

357 976 375 994 »
394 963 524 1001 venire,
550 973 650 1004 eaque
672 961 805 992 reddere
832 962 960 992 clariora
984 973 1020 992 ac
1044 961 1248 1003 perfectiora,
1275 971 1335 990 nec
1363 971 1426 990 non
1455 961 1536 991 vires
1562 971 1673 992 eorum

355 1028 373 1046 ))
390 1016 427 1046 ad
450 1015 568 1057 species
600 1015 633 1044 in
657 1025 779 1044 camera
806 1014 967 1044 obscurata
1003 1014 1036 1044 in
1065 1013 1175 1055 quavis
1204 1012 1349 1042 distantia
1381 1014 1503 1042 ratione
1537 1012 1674 1044 lentium

356 1081 374 1099 ›>
391 1079 603 1098 convexarum
633 1067 809 1097 accuratius
835 1071 866 1096 et
890 1066 1097 1107 exquisitius,
1130 1065 1194 1095 imo
1217 1064 1318 1094 multo
1346 1063 1460 1094 clarius
1486 1064 1674 1105 dignoscen-

357 1134 374 1152 »
391 1121 460 1159 das,
494 1121 580 1150 miris
605 1118 704 1149 modis
725 1129 842 1159 augere
867 1123 899 1148 et
924 1117 1090 1148 intendere
1113 1116 1180 1158 (a),
1218 1117 1332 1158 utique
1360 1117 1454 1146 etiam
1475 1116 1675 1158 largiendum

357 1185 374 1204 ³)
390 1179 455 1211 est,
490 1171 660 1203 dummodo
686 1170 813 1213 specula
835 1181 990 1207 concava,
1023 1169 1168 1211 inprimis
1192 1168 1367 1210 parabolica
1389 1174 1474 1199 recte
1503 1175 1535 1199 et
1558 1181 1676 1201 conve-

358 1237 375 1255 »
391 1225 516 1255 nienter
537 1223 575 1253 ad
600 1223 725 1264 quosvis
748 1221 839 1252 tubos
863 1221 1057 1263 longissimos
1077 1221 1330 1262 applicarentur,
1353 1220 1537 1252 combinatis
1558 1222 1677 1253 scilicet

358 1289 376 1308 »
393 1277 455 1307 illis
477 1276 598 1307 usitatis
619 1274 758 1305 lentibus
782 1274 929 1304 convexis
950 1272 1110 1311 omnibus,
1135 1273 1186 1303 vel
1208 1279 1296 1314 parte
1317 1273 1508 1312 immutatis,
1532 1285 1567 1304 ac
1587 1274 1677 1306 aliter

359 1335 488 1370 »atque
522 1327 612 1358 aliter
643 1326 818 1368 dispositis,
862 1325 1029 1367 telescopia
1064 1336 1138 1356 sane
1172 1327 1320 1356 universa
1355 1326 1494 1356 immane
1520 1332 1678 1368 quantum

361 1393 378 1411 >1
394 1380 483 1411 reddi
513 1390 600 1421 posse
629 1377 835 1409 absolutiora’⁷
859 1378 915 1419 (b).

404 1444 422 1463 »
439 1433 547 1470 Quare
568 1441 677 1462 omnes
696 1437 728 1461 et
745 1430 885 1472 singulos
904 1441 1010 1461 rerum
1029 1431 1205 1472 opticarum
1225 1432 1342 1473 peritos
1362 1431 1457 1461 etiam
1474 1436 1569 1473 atque
1584 1432 1679 1463 etiam

363 1485 522 1527 »publico
544 1485 689 1523 nomine,
712 1484 756 1513 rei
774 1483 920 1513 literariae
942 1482 1044 1521 bono,
1068 1488 1191 1524 rogatos
1213 1482 1304 1522 volo,
1333 1488 1370 1513 ut
1389 1482 1524 1524 quilibet
1549 1495 1605 1525 pro
1628 1485 1680 1515 in-

363 1550 381 1568 »
398 1538 483 1580 genii
503 1537 551 1568 sui
572 1536 697 1567 dotibus
716 1536 791 1567 huic
811 1537 937 1578 negotio
961 1541 1126 1566 succurrat
1144 1534 1308 1576 officioque
1331 1546 1387 1566 suo
1407 1535 1605 1566 satisfaciat.'’

407 1649 453 1676 (a)
469 1647 544 1670 Plana
562 1654 655 1677 quoque
671 1646 778 1675 specula,
792 1646 945 1668 convenienti
958 1645 1030 1668 modo
1044 1652 1098 1667 cum
1113 1643 1217 1666 lentibus
1230 1644 1355 1674 dioptricis
1369 1645 1496 1674 copulata,
1510 1645 1600 1667 similes
1616 1644 1683 1668 effec-

363 1684 401 1700 tus
417 1678 557 1707 producere,
572 1676 740 1705 comprobatur
752 1676 901 1705 gouiometro
918 1674 1122 1704 aniphidioptrico
1140 1675 1326 1700 anderiano,
1339 1675 1406 1703 cujus
1419 1675 1488 1697 tubus
1501 1675 1520 1696 si
1530 1675 1555 1696 iu
1566 1679 1681 1703 tractum,

363 1709 469 1730 locorum
485 1706 653 1735 campestrium
674 1706 789 1727 varietate
805 1706 936 1735 insignem,
955 1705 1086 1734 dirigatur,
1108 1711 1185 1726 rerum
1206 1704 1352 1732 objectarum
1371 1705 1458 1734 species
1478 1709 1525 1726 tam
1546 1704 1682 1732 distinciae,

365 1737 477 1759 dilucidae
493 1744 519 1758 ac
533 1735 617 1757 nitidae
633 1735 700 1757 oculo
717 1734 864 1763 offeruntur,
882 1739 908 1757 ut
927 1739 1058 1764 spectatum
1077 1733 1188 1761 admissi,
1207 1734 1333 1763 inopinata
1349 1733 1434 1756 laeiitia
1451 1733 1553 1763 perculsi
1564 1738 1586 1756 ει
1601 1734 1627 1756 iu
1643 1734 1684 1756 ad-

364 1766 517 1789 mirationem
534 1765 609 1794 rapti,
629 1765 735 1786 tabulam
754 1765 856 1794 pictam,
874 1765 942 1794 quasi
959 1764 1036 1786 indita
1053 1764 1104 1786 vita
1119 1764 1253 1786 animatam
1270 1771 1293 1786 se
1309 1764 1442 1794 conspicere
1460 1764 1612 1791 existiment,
1625 1763 1684 1786 adeo

365 1801 393 1818 ut
411 1796 534 1829 voluptate
553 1795 621 1828 istius
634 1794 770 1823 adspectus,
788 1801 858 1824 quem
870 1794 990 1817 imitando
1003 1793 1100 1816 reddere
1118 1794 1156 1816 vel
1172 1794 1272 1823 Apelles
1285 1793 1357 1823 hujus
1374 1793 1419 1816 aevi
1432 1792 1523 1816 frustra
1539 1793 1683 1822 tentaverit,

365 1827 410 1849 vix
427 1829 518 1855 possint
535 1828 630 1846 satiari.

413 1865 453 1894 (b)
468 1864 581 1887 Scholion
597 1871 666 1892 supra
686 1863 806 1892 adjectum
822 1863 850 1885 de
865 1862 1034 1893 praediciione,
1050 1867 1151 1889 eventu,
1168 1869 1218 1884 non
1235 1861 1312 1884 dicam
1331 1861 1486 1891 comprobata
1503 1862 1557 1891 sed,
1574 1865 1684 1893 superata

367 1896 413 1918 huc
432 1901 527 1925 quoque
544 1893 688 1917 trahendum
703 1900 764 1922 esse,
782 1893 821 1916 vel
837 1900 874 1916 me
890 1900 939 1916 non
957 1897 1084 1922 monente,
1102 1892 1215 1916 omnibus
1229 1892 1274 1915 erit
1290 1892 1451 1922 perspicuum.

926 1995 1115 2028 TANTUM.
