1809 2469
916 243 1029 289 (56)

310 320 573 362 haemorrhagiam
594 329 720 362 passum
741 323 802 358 est,
837 316 953 349 abscidi
974 323 1097 359 partem
1121 317 1284 349 dimidiam
1304 317 1465 349 lateralem
1488 317 1630 350 dextram

310 386 404 417 supra
422 375 527 416 ipsum
546 373 770 411 intertextum,
789 377 822 402 et
837 382 983 414 magnam
1000 372 1148 402 tincturae
1166 370 1365 414 Strychninae
1384 371 1483 402 dosim
1502 371 1631 403 animali

310 427 420 458 obtuli.
445 427 518 457 Post
539 426 643 468 aliqua
664 426 787 456 minuta
807 423 944 455 secunda
965 431 1051 455 ortus
1071 430 1116 455 est
1131 424 1265 454 Tetanos
1282 425 1469 455 manifestus
1484 425 1517 455 in
1531 425 1629 456 latere

309 481 450 523 opposito
469 480 622 522 corporis,
643 485 675 510 et
695 488 889 521 quamquam
908 476 1025 507 animal
1047 476 1135 508 valde
1152 476 1255 508 debile
1273 477 1370 516 foret,
1388 476 1470 508 latus
1484 478 1629 508 incisioni

307 533 499 576 respondens
527 532 727 575 paraliticum
760 531 925 569 remansit,
951 536 982 561 et
1009 530 1127 561 animal
1152 536 1221 572 post
1248 530 1353 573 aliqua
1379 531 1501 562 minuta
1526 532 1628 574 prima

306 585 486 617 succubuit.

350 639 460 680 Itaque
479 649 517 669 ex
540 638 626 668 hisce
651 636 877 679 experimentis
900 641 1044 679 apparet,
1071 636 1157 678 quod
1175 636 1237 668 lobi
1258 637 1395 676 cerebri,
1415 636 1626 677 cerebellum,

305 698 338 723 et
356 693 415 734 ipsi
436 690 596 722 tuberculi
615 690 765 721 effectum
788 689 988 720 decussatum
1011 689 1188 731 duplicem,
1211 695 1387 720 antrorsum
1410 690 1443 720 in
1468 690 1574 721 oculos
1596 696 1628 721 et

304 751 497 788 postrorsum
512 745 545 774 in
567 749 693 775 caeteras
709 744 847 785 corporis
867 749 972 786 partes
990 742 1168 786 possideant
1186 749 1218 773 et
1236 742 1321 785 quod
1338 743 1476 774 medulla
1498 743 1626 786 spinalis

305 797 524 829 tantummodo
546 797 664 828 effectu
687 796 806 827 directo
825 795 970 839 gaudeat.
995 796 1097 838 Igitur
1118 796 1250 827 effectus
1269 796 1450 827 decussatus
1471 796 1626 828 limitatur

304 851 343 882 ad
359 856 459 882 certas
473 851 647 893 systematis
665 851 774 882 nervei
796 855 916 892 partes3
941 855 973 880 et
991 850 1025 879 in
1044 849 1112 880 aliis
1132 849 1250 880 effectu
1271 849 1390 880 directo
1410 849 1624 881 substituitur.

346 905 416 935 Sola
430 905 647 947 experimenta
663 905 849 935 confirmare
866 909 1012 946 poterant
1027 914 1128 946 genus
1145 902 1335 942 effectuum,
1349 902 1481 945 singulae
1497 902 1624 934 illarum

303 959 441 1001 partium
469 958 681 1000 propriorum.
706 957 818 999 Itaque
839 968 893 987 nos
916 957 1021 987 omnia
1039 956 1056 986 a
1076 956 1116 987 cl.
1138 956 1292 987 Flourens
1314 956 1471 998 proposita
1497 957 1625 999 experi-

304 1019 410 1044 menta
433 1012 656 1054 repetivimus,
677 1017 710 1041 et
730 1012 850 1049 exitus,
875 1022 953 1052 quos
975 1009 1187 1048 obtinuimus,
1209 1019 1333 1050 semper
1355 1009 1453 1039 iidem
1477 1009 1622 1041 fuerunt.

757 1142 897 1174 CAPUT
941 1141 1169 1173 SEPTIMUM.

527 1247 580 1275 DE
621 1246 795 1275 NERVIS
835 1245 1390 1275 CEREBRo-SPINALIBUS.

344 1349 441 1381 Nervi
461 1348 651 1379 sensationes
668 1352 789 1378 nostras
805 1347 1040 1385 transmittunt,
1059 1352 1092 1377 et
1111 1345 1281 1377 voluntatis
1303 1346 1435 1388 imperia
1455 1345 1494 1377 ad
1516 1352 1620 1379 motus

297 1402 516 1448 producendos
531 1401 717 1444 adimplent.
734 1401 807 1432 Haec
819 1412 934 1443 organa
948 1399 1122 1443 comparari
1133 1405 1263 1441 possunt
1277 1399 1444 1439 funiculis,
1456 1410 1494 1430 ex
1507 1399 1618 1431 eadem

297 1456 471 1489 substantia
490 1467 526 1487 ac
547 1455 712 1486 cerebrum
733 1461 766 1485 et
787 1453 926 1485 medulla
949 1453 1076 1496 spinalis
1099 1453 1290 1495 compositis,
1315 1453 1369 1495 qui
1391 1463 1429 1483 ex
1451 1464 1516 1484 uno
1536 1453 1618 1485 alte-

295 1521 371 1543 rove
396 1509 524 1540 illorum
548 1514 729 1539 centrorum
751 1508 815 1550 (ut
839 1507 934 1550 vulgo
960 1507 1102 1548 dicitur)
1126 1512 1231 1537 ortum
1255 1517 1349 1537 suum
1372 1506 1545 1546 ducentes,
1578 1507 1618 1538 ad

294 1564 433 1607 reliquas
452 1564 548 1594 totius
567 1563 703 1605 corporis
725 1568 828 1604 partes
849 1572 914 1593 sese
936 1561 1142 1592 distribuunt.
1169 1560 1217 1591 Ex
1239 1559 1299 1590 hoc
1319 1560 1448 1602 originis
1465 1571 1530 1591 suae
1548 1559 1617 1591 loco

296 1617 484 1649 dividuntur
512 1616 546 1646 in
571 1621 714 1654 truncos,
741 1626 858 1653 ramos,
886 1614 1023 1645 ramulos
1047 1619 1079 1644 et
1105 1612 1313 1651 ramusculos,
1339 1613 1394 1655 qui
1421 1613 1534 1655 saepius
1559 1624 1616 1655 per

297 1671 468 1701 decursum
488 1679 582 1699 suum
601 1668 684 1699 inter
696 1678 761 1699 sese
777 1668 1023 1699 communicant.
1041 1667 1137 1699 Nervi
1152 1667 1353 1710 symmetrice
1366 1677 1423 1709 per
1438 1667 1523 1709 paria
1541 1672 1616 1697 sunt

296 1723 435 1766 dispositi
460 1728 492 1753 et
510 1722 718 1752 efformantur
742 1720 782 1752 ab
802 1723 920 1753 unione
945 1721 1074 1751 minoris
1098 1719 1263 1763 majorisve
1286 1720 1413 1750 numeri
1437 1719 1615 1750 filamento—

295 1788 383 1815 rum,
410 1786 469 1817 ope
494 1775 599 1805 textfis
625 1774 783 1805 cellularis
814 1775 897 1804 inter
916 1785 949 1804 se
974 1784 1190 1804 connexorum
1212 1779 1307 1815 atque
1331 1772 1611 1804 intertricatorum.

294 1829 392 1862 Nervi
410 1839 475 1859 non
495 1838 620 1870 semper
640 1826 784 1858 eamdem
805 1826 1011 1857 directionem
1032 1831 1228 1868 sequuntur,
1244 1831 1319 1856 sunt
1336 1824 1387 1857 vel
1405 1824 1546 1867 paralleli
1563 1825 1613 1857 vel

295 1881 459 1916 verticales
478 1880 530 1914 vel
545 1880 688 1911 inclinati
707 1880 804 1911 relate
826 1879 864 1910 ad
880 1880 963 1910 axim
983 1880 1137 1922 corporis,
1157 1884 1264 1910 tamen
1283 1888 1407 1920 semper
1426 1877 1510 1909 linea
1526 1878 1612 1909 recta

294 1934 483 1979 procedunt.

338 1987 478 2030 Dispesci
499 1986 601 2017 solent
620 1986 710 2019 nervi
730 1986 763 2017 in
783 1996 896 2018 nervos
919 1985 1107 2017 Cerebrales
1128 1991 1161 2017 et
1180 1986 1213 2016 in
1235 1995 1348 2016 nervos
1371 1984 1525 2025 Spinales
1545 1985 1611 2017 sive

294 2041 493 2074 Rachideos.
521 2040 644 2072 Priores
667 2039 822 2082 originem
845 2050 939 2071 suum
964 2039 1088 2071 ducunt
1107 2049 1146 2070 ex
1165 2039 1231 2081 ipso
1254 2036 1398 2078 cerebrO,
1420 2043 1483 2068 ete
1504 2038 1610 2069 cranio
