1809 2469
913 221 1028 265 (30)

301 294 490 327 rudimentis
509 295 659 328 soliorum
682 301 827 327 constans
845 301 877 327 et
896 296 995 327 radici
1016 294 1075 327 sub
1090 295 1172 328 terra
1188 295 1300 328 latenti
1318 297 1438 330 innixa.
1463 299 1524 331 Sed
1540 304 1578 331 nt
1592 299 1630 331 ab

300 351 387 382 omni
417 350 604 381 confusione
638 349 828 389 liberemur,
861 351 1022 381 lurionem
1055 349 1237 382 vocabimus
1266 357 1389 393 partem
1427 352 1513 384 illam
1540 365 1630 397 quoe,

301 411 443 448 tempore
465 405 690 447 vegetationis,
717 416 732 435 a
759 410 847 447 parte
868 405 1031 447 superiore
1055 403 1214 435 tuberculi
1234 405 1387 436 nascitur.

343 458 564 489 Tuberculum
587 459 720 489 unicum
743 458 805 488 fert
824 458 996 488 tiu-ionem.

344 511 567 542 Franco—Galli
586 513 745 542 turionem
767 511 933 542 evolutum
954 512 1115 554 Drageon
1135 518 1258 544 vocant.
1281 512 1402 551 Facile,
1427 513 1528 544 refert
1545 513 1631 545 cele-

299 566 457 597 berrimus
477 565 590 596 Mirbel
610 566 674 608 (1),
694 577 709 596 a
729 565 835 608 planta
854 565 996 596 materna
1016 571 1191 607 separatur,
1213 571 1245 596 et
1261 566 1387 608 propria
1405 567 1461 597 sua
1484 567 1514 597 vi
1532 578 1630 610 vege—

299 618 388 651 tabili
406 620 503 651 vitam
519 630 608 650 suam
628 620 772 650 sustinet.
790 621 938 649 Attamen
954 620 986 649 in
1003 619 1143 650 Orchide
1159 618 1292 649 latifolia
1311 620 1466 661 separatio
1480 620 1547 651 haec
1563 621 1631 652 sine

298 672 500 704 incommodo
531 673 600 703 fieri
630 673 743 714 nequit
774 678 806 703 et
833 673 950 714 saepius
980 672 1096 714 plantae·
1132 678 1266 703 mortem
1295 683 1404 703 secum
1433 679 1630 716 comportat3

300 725 385 768 quod
405 725 480 756 inde
505 725 673 768 provenire
694 725 822 757 videtur
839 725 925 768 quod
941 726 1036 757 unico
1057 724 1278 757 tautummodo
1297 724 1466 757 tuberculo
1483 731 1516 757 et
1535 727 1631 758 unico

299 779 378 810 collo
401 779 521 810 radices
541 778 725 822 affiguntur.

342 832 497 864 Nonnulli
517 844 663 875 squamas
686 832 819 864 turionis
844 833 974 864 nomine
996 831 1146 863 soliorum
1172 830 1359 862 radicalium
1382 831 1572 874 insigniunt.

853 936 876 978 g
922 937 984 967 xx
993 937 1080 966 xix.

342 1030 560 1061 Attentionem
576 1035 713 1060 nostram
727 1029 789 1070 iam
806 1034 1029 1060 convertemus
1044 1028 1084 1059 ad
1100 1028 1316 1060 evolutionem
1337 1028 1559 1071 imperfectam
1574 1040 1632 1061 seu

298 1094 364 1114 non
382 1082 557 1114 absolutam
576 1083 727 1121 mirionis,
746 1088 779 1113 et
798 1082 835 1113 ad
854 1082 923 1125 ejus
944 1081 1159 1112 evolutionem
1178 1080 1353 1122 perfectam
1371 1091 1428 1112 seu
1444 1081 1632 1113 absolutam.

344 1138 390 1167 1⁰.
415 1136 564 1169 Evolutio
592 1136 780 1179 imperfecta
808 1146 845 1166 ea
875 1140 922 1166 est
947 1134 1010 1177 quii
1033 1145 1172 1177 squamae
1195 1145 1252 1165 seu
1284 1134 1359 1165 folia
1391 1146 1458 1166 sese
1486 1136 1632 1168 nondum

300 1189 512 1232 explicarunt.

342 1244 436 1275 Tunc
463 1244 547 1274 turio
574 1243 721 1273 Orchidis
747 1242 888 1273 latifoliae
917 1242 1028 1273 formae
1054 1248 1101 1273 est
1128 1241 1248 1281 ovalis,
1284 1243 1419 1282 couicae,
1447 1245 1566 1274 teretis.
1597 1244 1634 1274 In

300 1296 446 1327 omnihus
474 1296 542 1327 fere
571 1296 746 1328 individuis
772 1301 893 1327 constat
919 1295 1020 1327 tribus
1045 1296 1185 1338 squamis
1216 1295 1461 1338 vaginantibus⁷
1495 1297 1530 1327 in
1555 1297 1633 1328 duas

299 1356 403 1392 partes
431 1350 586 1392 superiori
610 1349 678 1380 loco
707 1349 829 1389 divisis,
855 1350 938 1381 inter
964 1361 1042 1392 quas
1067 1349 1251 1381 rudimenta
1270 1350 1388 1393 plantae
1416 1356 1512 1393 atque
1534 1351 1633 1383 caulis

300 1405 506 1435 continentur
531 1402 627 1445 (Vid.
659 1403 740 1433 Tab.
761 1404 816 1434 11.
835 1403 900 1446 fig.
930 1404 1005 1445 18).

344 1458 390 1488 2⁰.
415 1456 564 1488 Evolutio
586 1456 727 1488 absoluta
747 1456 854 1488 locum
876 1457 987 1497 habet,
1015 1469 1117 1500 quum
1149 1469 1258 1489 omnes
1283 1468 1423 1501 squamae
1443 1469 1501 1490 seu
1527 1459 1633 1490 omnia

300 1511 374 1542 solia
398 1522 465 1542 sese
487 1510 700 1553 explicarunt.
901 1551 905 1553 μ

343 1564 490 1607 Squamae
507 1570 581 1595 sunt
604 1563 779 1595 imbricatae
801 1565 892 1606 (Vid.
920 1566 1001 1596 Tab.
1018 1565 1148 1608 ILfig.
1168 1565 1231 1607 19)
1257 1571 1289 1596 et
1313 1565 1495 1596 alternatim
1526 1565 1633 1608 dispo-

300 1619 368 1649 sitae
390 1618 506 1661 (aaa)
526 1629 663 1660 quarum
686 1629 704 1648 e
726 1619 829 1650 medio
854 1621 956 1662 surgit
979 1619 1088 1651 caulis.
1115 1619 1193 1650 Tres
1217 1618 1315 1662 vulgo
1339 1625 1564 1650 numerantur.

896 1723 919 1765 g
964 1723 1033 1754 XL.

345 1815 568 1856 Squamarum
592 1816 860 1846 constructionem
882 1827 970 1847 nunc
992 1816 1223 1847 examinemus.

346 1867 498 1899 Constant
518 1868 632 1911 vagina
654 1874 686 1899 et
708 1868 836 1900 lamina.

346 1921 419 1952 Sese
434 1922 572 1954 iuvIcem
585 1921 750 1954 obducunt
762 1923 875 1966 vagina
887 1934 959 1967 quae
970 1929 1017 1955 est
1033 1929 1131 1963 teres,
1146 1921 1248 1954 albida
1264 1920 1276 1964 (
1288 1921 1370 1952 Tab.
1382 1921 1432 1953 II
1432 1945 1438 1952 .
1440 1920 1509 1964 fig.
1522 1922 1575 1952 20.
1592 1921 1634 1964 α)

302 1973 468 2006 herbacea.

365 2077 397 2108 (ι)
413 2077 492 2101 ΕΙέη-ι.
509 2078 537 2101 de
555 2078 606 2103 bot.
627 2087 647 2102 1.
665 2086 689 2110 p.
708 2080 743 2102 13.
