1809 2469
939 234 1049 275 (42)

340 307 504 337 obversum
529 307 587 346 sit,
614 313 645 337 et
673 306 750 337 radii
777 306 815 336 ab
840 306 898 336 lnoc
923 307 1024 336 emissi
1040 330 1047 344 ,
1078 308 1166 348 prius
1194 318 1288 349 quam
1312 308 1424 339 tubum
1452 309 1655 340 instrumenti

339 360 574 402 ingrediantur,
597 371 662 391 sese
688 361 892 397 intersecent,
915 360 956 389 ita
978 365 1014 389 ut
1034 359 1113 389 radii
1134 370 1151 390 e
1167 366 1287 402 puncto
1309 361 1328 390 S
1349 362 1463 403 egressi
1482 367 1656 404 sequantur

337 414 420 444 viam
445 413 518 452 SG,
549 419 579 444 et
601 413 678 444 radii
704 424 720 444 e
746 419 864 455 puncto
887 413 911 442 P
937 413 1041 443 emissi
1066 419 1241 454 sequantur
1265 414 1347 445 viam
1372 414 1425 444 PH
1441 438 1448 452 ‚
1478 415 1511 444 hi
1536 414 1614 445 radii
1640 426 1655 445 a

338 466 466 509 speculo
484 466 592 508 majori
610 466 818 496 reflectuntur
839 471 1065 507 convergentes
1080 468 1113 496 in
1130 467 1227 508 ipsius
1250 467 1373 506 focum,
1390 467 1498 509 ibique
1519 468 1658 498 formant

338 520 494 550 inversam
521 519 634 562 objecti
661 519 830 561 imaginem
853 530 913 559 sp,
943 530 1006 560 quo
1030 519 1132 557 facto,
1156 520 1298 550 iteratam
1319 521 1574 551 intersectionem
1600 531 1658 551 ex·-

338 574 434 615 perti,
458 574 497 603 ita
514 572 778 614 progrediuntur,
794 577 830 602 ut
851 571 1050 614 (livergentes
1070 573 1103 602 in
1118 573 1283 614 speculum
1302 574 1407 603 minus
1426 585 1490 603 mm.
1506 573 1657 604 incidant.

339 625 387 656 Ab
408 626 467 655 hoc
490 631 595 656 autem
618 631 844 667 convergentes
864 625 1074 657 reflectuntur
1095 637 1202 657 versus
1228 627 1307 657 vitra
1329 626 1482 665 ocularia,
1509 627 1660 668 quoniam

339 685 494 721 punctum
523 678 727 719 divergentiae
754 689 864 708 eorum
889 678 1000 722 majori
1031 679 1196 710 intervallo
1220 679 1313 709 distat
1344 679 1383 709 ab
1416 679 1475 709 hoc
1510 679 1657 721 spec-uh,

340 744 433 774 quam
456 731 540 762 illius
561 731 651 761 focus
673 731 832 761 radiorum
856 731 1091 772 parallelorum.
1117 732 1201 762 Dum
1219 732 1317 773 igitur
1336 732 1369 761 hi
1389 731 1467 762 radii
1482 733 1516 761 in
1539 732 1657 762 lentem

339 784 498 814 ocularem
523 784 550 813 ll
568 784 730 822 incidunt,
754 785 852 825 magis
875 783 980 814 adhuc
1005 791 1232 826 convergentes
1254 785 1346 823 facti,
1368 785 1402 814 in
1425 797 1472 817 σ-π-
1492 784 1660 814 efformant

339 837 469 868 alteram
491 838 679 879 imaginem,
704 838 767 868 situ
790 837 981 880 praecedenti
1006 838 1198 880 oppositam,
1222 837 1253 867 h.
1278 848 1305 867 e.
1332 837 1370 867 ad
1397 838 1493 867 situm
1516 842 1659 868 erectum

339 891 521 929 reductam,
543 902 613 932 quae
635 890 749 921 deinde
773 891 953 933 proximum
976 892 1011 921 fit
1035 891 1160 922 visionis
1180 890 1351 934 objectum.

385 944 530 986 Cumque
556 944 644 974 locus
665 943 761 986 hujus
782 945 928 986 imaginis
949 957 1012 981 σπ,
1038 955 1096 986 per
1121 944 1407 982 constructionem,
1433 945 1472 974 sit
1499 944 1589 975 focus
1610 954 1662 975 se-

341 997 438 1028 cundi
460 996 594 1027 ocularis
614 997 679 1027 sive
706 997 836 1027 menisci
863 1011 930 1038 μμ,
955 996 1052 1035 radii,
1079 996 1250 1026 formantes
1273 996 1413 1039 singulos
1437 1007 1530 1027 conos
1555 1007 1572 1027 e
1595 997 1661 1027 sin-

342 1051 424 1094 gulis
440 1051 566 1092 punctis
587 1051 728 1088 emissos,
749 1061 787 1080 ex
809 1050 868 1080 hoc
888 1050 954 1079 sere
970 1048 1111 1091 paralleli
1132 1054 1267 1088 exeunt,
1289 1060 1399 1079 eorum
1418 1049 1561 1080 fasciculi
1578 1050 1661 1079 inter

342 1115 373 1134 se
395 1109 608 1144 convergunt,
642 1102 834 1144 oculusque,
862 1102 1009 1133 foramini
1040 1102 1067 1132 O
1096 1102 1199 1133 tubuli
1225 1102 1359 1133 ocularis
1385 1102 1549 1142 admotus,
1579 1102 1662 1133 hanc

342 1158 512 1199 imaginem
531 1156 616 1188 videt
631 1156 851 1198 amplificatam
873 1156 931 1187 sub
948 1156 1065 1198 angulo
1079 1160 1181 1195 ZOH3
1202 1161 1248 1194 et,
1264 1156 1289 1186 si
1307 1155 1491 1198 presbyopia
1511 1155 1661 1198 gaudeat,

343 1211 533 1242 distinctam.
559 1210 706 1252 Denique
726 1210 794 1241 haec
816 1210 919 1251 imago
942 1214 1073 1250 apparet
1089 1213 1208 1246 erecta,
1235 1208 1386 1250 quoniam
1403 1208 1496 1246 radii,
1514 1220 1530 1238 a
1547 1207 1663 1250 quibus

343 1265 516 1303 formatur,
541 1263 618 1294 dum
641 1263 791 1294 humores
812 1261 897 1293 oculi
921 1260 1103 1304 trajiciunt,
1130 1272 1244 1292 novam
1266 1260 1489 1291 refractionem
1518 1261 1663 1303 experti,

343 1318 514 1359 imaginem
543 1322 734 1359 postremam
763 1329 811 1348 0-71-
840 1316 872 1345 in
904 1315 1004 1344 retina
1040 1313 1146 1343 denuo
1181 1314 1347 1344 invertunt
1375 1319 1505 1355 propter
1538 1314 1663 1345 easdem

344 1382 466 1409 causaS,
492 1381 563 1411 quae
583 1370 616 1399 in
638 1368 805 1410 telescopio
834 1367 1022 1397 Galiloecmo
1044 1365 1130 1397 hunc
1155 1365 1305 1397 effectum
1329 1366 1552 1398 determinant.

474 1423 578 1453 Posita
607 1421 752 1452 distantia
780 1420 873 1451 focali
897 1419 1017 1462 speculi
1045 1418 1171 1463 majoris
1196 1433 1234 1447 =
1259 1420 1284 1450 F

475 1489 1009 1498 ————————
1043 1473 1174 1503 minoris
1199 1486 1237 1500 =
1263 1473 1280 1503 f

477 1546 518 1552 -
546 1545 589 1551 ·—-
616 1545 659 1551 ——·
687 1544 730 1550 —
757 1525 907 1557 secundae
926 1525 1020 1556 lentis
1039 1526 1173 1557 ocularis
1197 1540 1236 1554 =
1262 1530 1287 1568 φ

347 1583 392 1614 vis
410 1580 622 1623 amplificandi
640 1580 830 1611 diametrum
851 1579 1047 1622 objectorum
1069 1586 1289 1622 apparentem,
1308 1579 1385 1610 huic
1404 1579 1572 1622 telescopio
1590 1590 1666 1621 pro-

348 1649 431 1690 pria,
456 1648 686 1678 determinatur
711 1646 848 1677 formula
872 1633 926 1697 ἐξ,
951 1656 968 1676 e
989 1646 1152 1688 principiis
1179 1645 1196 1676 a
1228 1645 1385 1687 Gregorio
1408 1645 1551 1676 stabilitis
1571 1645 1664 1676 facile

349 1710 544 1742 deducenda.
568 1710 609 1740 Et
630 1711 654 1739 si
676 1720 704 1739 e.
725 1720 755 1751 g.
777 1708 874 1751 hujus
896 1709 985 1750 quoti
1006 1708 1091 1740 valor
1111 1708 1294 1739 inveniatur
1316 1721 1354 1735 =
1379 1707 1436 1746 50,
1462 1707 1523 1738 hoc
1544 1707 1666 1746 innuit,

349 1764 501 1795 diametro
516 1762 630 1806 objecti
645 1762 808 1804 apparenti
825 1772 881 1803 per
895 1761 956 1792 hoc
970 1761 1176 1804 telescopium
1191 1762 1264 1793 visae
1278 1761 1409 1792 eandem
1427 1760 1524 1791 tribui
1542 1761 1666 1803 magni-

348 1817 509 1855 tudinem,
531 1826 602 1857 quae
626 1814 672 1845 illi
694 1814 860 1846 tribuenda
881 1821 961 1846 esset
980 1815 1072 1846 oculo
1094 1815 1181 1846 nudo
1206 1815 1295 1853 visae,
1315 1815 1339 1844 si
1362 1813 1522 1857 objectum
1542 1814 1667 1845 nonnisi

350 1870 610 1913 quinquagesima
639 1867 707 1911 ejus
732 1868 909 1908 intervalli,
941 1879 1003 1910 quo
1033 1878 1142 1899 revera
1167 1867 1206 1899 ab
1229 1866 1321 1898 oculo
1353 1866 1466 1906 distat,
1511 1872 1601 1910 parte
1628 1865 1668 1897 ab

351 1924 460 1954 eodem
485 1922 614 1953 abesset.

393 1977 515 2006 Verum
541 1975 624 2006 enim
647 1985 721 2005 vero
741 1985 814 2005 cum
836 1985 886 2014 ea,
913 1985 986 2017 quae
1006 1974 1099 2005 modo
1124 1974 1163 2005 de
1184 1973 1342 2015 telescopii
1373 1973 1570 2015 Gregoriani
1591 1983 1669 2003 con-

351 2030 521 2061 structione
545 2028 750 2070 exposuimus
771 2028 894 2058 nonnisi
917 2039 1016 2070 pauca
1040 2027 1220 2058 communia
1244 2025 1381 2057 habeant
1401 2037 1475 2057 cum
1496 2024 1668 2057 adumbra-
