1809 2469
926 257 1040 303 (64)

365 335 410 366 Ut
431 335 530 376 igitur
550 332 648 377 liujus
670 331 736 376 typi
756 330 947 363 constructio
976 329 1148 370 efficiatur,
1169 330 1337 374 telescopio
1363 331 1570 363 Rienksicmo
1593 331 1643 364 hae

322 388 512 419 mutationes
539 385 727 418 indncendae
750 391 841 424 sunt,
868 384 987 415 scilicet

366 442 409 483 1)
437 439 692 472 Construendum
714 445 761 470 est
782 439 896 481 prisma
918 443 1108 478 octogonum
1133 437 1276 481 ejusdem
1299 450 1372 469 cum
1396 438 1472 470 tubo
1497 438 1644 481 ampliori

321 494 463 537 praedicti
489 493 649 535 telescopii
674 491 850 523 altitudinis
874 492 939 522 sive
959 491 1185 534 longitudinis,
1213 492 1265 522 cui
1290 492 1342 522 hie
1368 491 1464 522 tubus
1488 491 1642 534 amplior„

321 548 431 579 ablatis
455 547 602 579 omuibus
629 545 790 589 partibus,
821 556 920 575 meras
946 545 1136 575 accessiones
1157 545 1382 583 formantibus⁷
1410 544 1509 575 veluti
1540 544 1644 588 cylin—

321 602 396 633 drus
424 602 614 643 i115c1=iptuS‚
644 600 775 630 strictim
808 599 902 629 inseri
931 598 1042 640 possit,
1075 598 1136 636 ita,
1172 604 1208 628 ut
1232 599 1461 629 intersectionis
1487 599 1644 640 prismatis

319 656 408 686 istius
430 667 501 686 cum
524 655 618 697 plano
638 654 736 696 ipsius
757 653 807 683 axi
827 651 967 691 verticali
989 663 1092 682 unum
1112 651 1195 681 latus
1213 652 1252 681 sit
1272 651 1440 682 horizontis
1462 651 1559 694 plano
1584 664 1644 694 pa-

320 709 488 747 rallelum,
520 719 583 750 quo
611 707 694 737 sacto
729 712 762 736 et
786 706 838 744 id,
866 705 951 747 quod
979 704 1056 735 huic
1084 715 1102 735 e
1137 704 1291 735 diametro
1316 705 1508 747 opponitur,
1538 704 1643 736 eidem

320 761 413 803 plano
438 760 623 803 parallelum
646 760 716 789 erit.

363 816 383 844 2
400 815 410 856 )
434 813 482 844 Ab
502 824 567 844 uno
588 812 726 843 alterove
746 811 861 842 horum
884 810 1022 841 (luorum
1046 809 1183 840 laterum
1204 810 1256 841 vel
1276 821 1401 841 sursum
1424 809 1474 841 vel
1495 809 1643 841 deorsum

319 867 549 910 progrediendo
571 867 703 897 tertium
722 865 804 896 latus
823 864 980 906 prismatis
997 864 1158 905 octogoni,
1178 869 1242 894 tam
1264 863 1303 894 ad
1324 863 1466 894 dextram
1486 875 1582 906 quam
1603 863 1643 894 ad

318 921 473 951 sinistram
499 925 641 962 partem,
665 929 701 949 eo
724 928 826 960 usque
847 917 1004 947 excisione
1029 916 1236 947 resecandum
1263 921 1327 954 est,
1352 922 1510 958 quantum
1532 916 1566 947 id
1589 928 1643 948 re-

318 975 456 1016 quiritur
476 965 515 1003 ad
539 974 621 1004 viam
639 972 749 1010 radiis,
767 971 805 1001 ab
821 971 972 1001 inclinato
989 970 1118 1012 speculo
1134 969 1244 1012 majori
1263 968 1402 1008 reflexi5‚
1425 969 1640 1012 aperiendam.

361 1027 379 1058 3
396 1027 407 1068 )
435 1027 587 1057 Similiter
607 1025 645 1056 ab
664 1026 782 1056 inserto
801 1024 877 1055 tubo
898 1022 1071 1065 cylindrico
1095 1023 1257 1065 utrimque
1276 1023 1483 1053 resecandum
1503 1029 1550 1053 est
1570 1034 1643 1065 seg-

316 1085 461 1111 mentum
481 1079 708 1122 cyliudricum,
734 1077 836 1108 ablato
857 1077 947 1107 lateri
968 1076 1126 1107 involucri
1152 1077 1296 1119 octogoni
1327 1076 1530 1118 respondens.

361 1134 406 1174 4)
431 1133 595 1175 Aperturis
617 1132 676 1162 hac
698 1132 819 1162 ratione
840 1131 981 1160 formatis
1006 1129 1186 1172 applicandi
1211 1136 1287 1160 sunt
1312 1129 1380 1160 tubi
1405 1129 1549 1160 laterales
1568 1140 1643 1173 spe-

317 1187 396 1215 ciem
419 1186 593 1216 referentes
616 1195 769 1214 conorum
793 1183 831 1214 ad
853 1184 939 1213 basin
965 1183 1092 1225 oblique
1117 1189 1358 1218 truncatorum,
1385 1193 1522 1224 quorum
1548 1194 1642 1225 aper-

315 1244 412 1277 turae,
440 1238 578 1268 abscissis
601 1237 771 1279 segmentis
795 1236 1057 1267 convenientibus
1083 1236 1225 1276 effectae,
1254 1235 1534 1267 accommodentur
1557 1247 1642 1278 prae-

314 1291 404 1321 dictis
430 1291 497 1321 tubi
523 1290 684 1332 amplioris
707 1289 873 1331 aperturis.

356 1346 373 1375 5
392 1346 402 1387 )
434 1345 522 1375 Circa
544 1344 682 1375 fundum
705 1343 759 1373 AB
782 1343 851 1374 tubi
871 1343 1031 1385 aiuplioris
1056 1342 1095 1373 ad
1115 1343 1272 1373 sinistram
1289 1341 1453 1373 addendus
1473 1348 1521 1372 est
1542 1341 1639 1374 tubus

314 1398 449 1429 ocularis
472 1398 633 1440 telescopii
654 1397 825 1439 anonymi,
855 1397 893 1427 ad
919 1396 1062 1427 dextram
1089 1407 1164 1428 vero
1188 1395 1284 1427 tubus
1306 1395 1444 1426 condens
1475 1395 1640 1426 machina-

313 1458 458 1483 mentum
483 1451 629 1493 regendis
653 1450 775 1493 speculi
798 1450 923 1493 majoris
949 1449 1209 1480 inclinationibus
1233 1449 1438 1480 destinatum.

355 1505 400 1547 (3)
431 1503 522 1535 Tubo
541 1503 686 1546 ampliori
712 1503 893 1534 addendum
918 1509 964 1534 est
991 1503 1159 1545 speculum
1189 1513 1364 1533 concavum
1388 1501 1453 1533 MM
1477 1513 1542 1532 non
1566 1512 1642 1544 per—-

309 1559 462 1588 foratum.

355 1610 482 1648 Quibus
509 1609 651 1648 effectis,
683 1615 721 1639 ut
750 1615 814 1639 tota
845 1610 912 1640 haec
945 1620 1113 1652 compages
1147 1609 1398 1639 commodissimo
1422 1608 1640 1640 sustentaculo

311 1664 518 1694 Rienksiano
540 1663 661 1704 imponi
683 1663 797 1704 possit,
823 1674 886 1693 non
907 1663 966 1694 alia
988 1674 1022 1694 re
1045 1674 1124 1705 opus
1145 1669 1206 1701 est,
1236 1663 1296 1692 nisi
1318 1668 1355 1693 ut
1375 1673 1532 1704 supremae
1554 1661 1640 1692 illius

311 1715 426 1746 tabulae
456 1716 629 1757 infigantur
659 1715 722 1745 duo
747 1715 887 1757 quadra,
920 1728 1012 1758 quae,
1041 1717 1146 1747 exciso
1176 1721 1339 1758 segmento
1365 1716 1510 1757 octogoni
1536 1714 1637 1745 tribus

310 1768 461 1799 lateribus
487 1769 670 1806 terminato,
697 1775 768 1810 apta
792 1769 868 1800 fiant
890 1770 1073 1812 recipiendo
1098 1776 1130 1800 et
1150 1768 1371 1812 amplectendo
1398 1768 1564 1800 involucro
1581 1779 1637 1799 oc—

313 1828 429 1863 togono
455 1820 524 1852 tubi
550 1820 711 1862 amplioris
737 1820 908 1864 telescopii.

352 1875 446 1905 Tunc
471 1880 596 1913 autem,
618 1874 822 1904 instrumenti
845 1876 888 1905 sic
908 1875 1072 1918 compositi
1090 1875 1166 1906 tubo
1188 1875 1293 1906 medio
1309 1875 1456 1917 ampliori
1475 1875 1638 1917 supposito

310 1926 462 1958 ambobus
488 1926 571 1957 tubis
594 1925 776 1957 lateralibus
798 1929 980 1968 communi,
1011 1928 1088 1959 tubo
1113 1929 1236 1960 laterali
1270 1928 1381 1960 dextro
1406 1930 1561 1960 contineri
1587 1934 1638 1959 te-

311 1982 485 2023 lescopium
515 1980 773 2010 Newtonianum
798 1987 894 2023 atque
919 1982 1189 2019 Lemairianzcm,
1228 1988 1259 2012 et
1278 1983 1402 2013 sinistro
1427 1982 1635 2024 telescopium

314 2034 571 2076 Gregoriamcm,
603 2032 922 2075 Cassegraitzianum
941 2041 1039 2078 atque
1060 2037 1276 2077 anonymum,
1301 2046 1340 2066 ex
1362 2035 1519 2078 praedictis
1538 2034 1635 2066 facile
