1809 2469
898 240 909 282 (
935 241 974 275 78
999 240 1011 283 )

338 318 452 357 Quoad
469 316 625 355 Sabatier,
641 315 709 346 haec
724 313 792 359 ejus
802 319 871 345 erat
887 313 926 345 de
942 313 1061 356 duplici
1077 323 1248 345 nervorum
1266 313 1376 346 ordine
1391 315 1546 347 sententia
1558 315 1617 360 (1):

295 385 313 404 ν)
337 372 408 403 Non
429 377 476 402 est
497 368 726 407 dubitandum,
749 368 828 410 quin
846 366 982 409 (nervi)
1007 378 1123 408 organa
1148 367 1210 397 sint
1235 367 1351 406 motui,
1377 369 1563 408 sensafioni,
1588 375 1620 400 et

294 424 460 457 nutritioni
475 424 619 466 propria,
641 421 725 464 quod
741 422 827 452 enim
844 421 952 451 evenit
967 419 1027 450 illis
1044 418 1186 462 partibus
1202 419 1257 450 ubi
1273 419 1411 460 abscissi,
1432 422 1619 464 compressi,

293 479 359 510 sive
385 476 527 520 quolibet
554 475 615 506 alio
645 474 737 506 modo
767 473 890 504 alterati
921 473 1073 512 suerunt,
1104 473 1216 515 procul
1241 473 1337 504 dubio
1363 473 1444 505 illud
1467 481 1621 507 assertum

294 530 487 573 comprobat.
516 529 610 560 Forte
639 534 745 559 tamen
766 538 830 557 non
856 525 1039 557 indistincte
1064 525 1165 557 tribus
1189 526 1251 557 illis
1273 527 1494 559 functionibus
1518 529 1619 560 inser-

295 586 409 623 viunt,
440 595 513 614 nam
541 593 624 624 saepe
650 581 788 612 vidimus
815 578 901 622 quod
931 590 994 609 una
1020 578 1147 609 illarum
1174 579 1208 609 in
1233 579 1337 622 aliqua
1369 581 1507 623 corporis
1530 587 1620 624 parte

293 638 491 673 destruatur,
511 634 628 676 absque
650 644 686 664 eo
702 639 739 664 ut
756 638 868 664 ceterae
884 631 993 674 perfici
1012 637 1145 662 cessent.
1165 631 1249 663 Illud
1265 634 1420 676 contingit
1434 635 1466 664 in
1485 634 1619 677 paralysi

293 701 364 733 quae
384 688 552 731 saepissime
571 687 677 718 locum
697 686 808 725 habet,
831 685 887 716 ubi
902 690 1006 727 partes
1020 684 1143 716 affectae
1164 686 1321 717 sentiendi
1338 687 1523 719 facultatem
1537 700 1619 719 con—-

292 750 434 783 servant,
463 753 657 785 quamquam
684 741 792 783 aegroti
815 740 896 782 ipsas
922 739 1042 770 moveri
1067 744 1246 781 nequeant,
1270 745 1302 770 et
1322 739 1378 770 ubi
1400 741 1434 771 in
1458 741 1617 783 aliquibus

293 797 375 836 aliis,
404 797 509 827 minus
535 801 641 826 tamen
665 793 902 836 frequentibuS,
928 792 1149 824 insensibilitas
1169 793 1311 835 perfecta
1334 793 1534 834 observatur,
1561 796 1619 826 etsi

293 857 398 893 partes
420 849 501 880 nihil
522 848 561 879 de
581 860 636 879 sua
663 847 837 878 mobilitate
864 847 1036 877 amiserint.
1065 847 1196 876 Possent
1222 847 1329 888 itaque
1353 847 1444 878 nervi
1467 847 1620 890 distingui

291 906 325 934 in
349 903 528 941 sensitivos,
555 903 639 932 etin
660 900 729 931 illos
750 900 920 931 nutritioni
942 899 1076 939 dicatos,
1106 905 1138 930 et
1162 910 1263 941 quum
1288 900 1372 930 inter
1396 906 1515 940 motus,
1541 912 1619 944 quos

292 956 431 987 musculi
455 961 676 997 exsequuntur
697 954 750 984 alii
772 954 908 985 existant
931 952 1088 984 voluntati
1111 952 1244 992 subditi,
1268 959 1301 984 et
1324 953 1376 984 alii
1402 954 1465 984 sint
1490 953 1529 985 ab
1551 956 1618 997 ipsa

293 1021 358 1040 non
379 1008 612 1051 dependentes,
639 1013 766 1049 possent
784 1006 882 1037 dividi
905 1007 995 1037 nervi
1017 1006 1158 1044 motorii,
1181 1007 1213 1036 in
1240 1017 1354 1036 nervos
1377 1008 1432 1048 qui
1453 1007 1491 1037 ad
1515 1014 1619 1039 motus

292 1063 523 1095 involuntarios
543 1061 667 1091 faciunt
685 1065 717 1090 et
736 1060 769 1089 in
791 1058 860 1089 illos
879 1059 935 1100 qni
956 1058 1093 1089 motibus
1115 1058 1299 1089 voluntariis
1321 1059 1530 1090 inserviunt.'⁷

336 1115 461 1146 Exinde
481 1119 568 1156 patet
585 1112 707 1143 clarum
725 1111 851 1142 huncce
874 1111 1089 1141 anatomicum
1111 1109 1151 1139 de
1170 1120 1343 1139 nervorum
1359 1110 1538 1142 differentia
1556 1112 1619 1155 jam

293 1169 411 1212 optime
435 1167 595 1209 cogitasse.

336 1222 449 1253 Plures
471 1219 618 1262 quidem,
641 1219 704 1249 imo
723 1227 858 1248 numero
876 1216 1031 1256 infinitas,
1053 1221 1221 1247 auctorum
1243 1217 1428 1256 sententias,
1445 1219 1501 1260 qui
1523 1219 1619 1251 etiam

292 1275 489 1306 admiserunt
517 1278 549 1303 et
572 1271 705 1303 confessi
730 1277 805 1302 sunt
830 1271 1014 1302 varietatem
1040 1280 1230 1310 nervorum,
1263 1270 1377 1302 afferre
1400 1282 1539 1314 possem,
1564 1272 1620 1304 sed

291 1327 373 1359 illud
392 1327 556 1368 negotium
587 1331 619 1356 et
640 1325 785 1367 scriptori
809 1330 842 1355 et
864 1324 974 1355 lectori
997 1323 1194 1355 fastidiosum
1222 1323 1318 1363 foret,
1345 1335 1405 1355 nec
1431 1325 1509 1368 quid
1533 1337 1618 1359 verae

289 1380 436 1412 utilitatis
456 1379 496 1410 ad
516 1378 710 1422 probandam
735 1378 869 1410 ulterius
890 1383 1030 1409 nostram
1051 1376 1164 1408 thesim
1186 1376 1327 1420 praebere
1347 1384 1460 1420 posset.

335 1433 520 1464 Generatim
541 1433 640 1475 igitur
664 1432 860 1475 agnoscitur,
884 1431 969 1474 quod
990 1430 1067 1462 dum
1089 1442 1208 1462 nervus
1232 1431 1367 1474 ligatura
1389 1433 1617 1476 constringitur

291 1486 344 1520 vel
366 1492 540 1524 resecatur,
563 1497 635 1528 pars
655 1485 715 1516 sub
729 1485 866 1528 ligatura
881 1485 955 1524 sita⁷
977 1484 1079 1527 pungi
1099 1490 1195 1527 atque
1212 1484 1342 1515 distrahi
1363 1486 1475 1527 possit,
1496 1492 1529 1517 et
1543 1488 1619 1529 qui-

292 1540 364 1571 dem
382 1539 547 1570 dilacerari
559 1544 591 1569 et
602 1538 762 1578 comburi,
775 1537 894 1580 absque
904 1549 941 1569 eo
956 1543 994 1569 ut
1004 1538 1123 1568 animal
1133 1538 1249 1569 exinde
1262 1549 1302 1569 ne
1317 1539 1488 1570 minimum
1504 1539 1619 1572 doloris

291 1605 418 1625 sensum
435 1593 602 1635 percipiat,
622 1599 677 1624 aut
695 1593 834 1635 aliquem
851 1592 1020 1623 clamorem
1036 1592 1119 1623 edat.
1142 1591 1209 1622 Hoc
1230 1592 1487 1634 experimentum
1503 1593 1617 1625 millies

290 1647 356 1678 fuit
375 1647 546 1689 repetitum
571 1652 603 1677 et
626 1656 751 1688 semper
775 1645 860 1677 idem
887 1647 991 1677 exitus
1017 1646 1080 1676 fuit
1103 1645 1261 1676 obtentus.
1289 1645 1322 1676 Si
1348 1652 1456 1677 autem
1480 1645 1617 1689 ligatura

292 1700 455 1739 aufertur,
476 1706 508 1730 et
526 1700 551 1730 si
567 1699 640 1730 dein
659 1699 769 1730 eadem
789 1710 860 1742 pars
880 1700 1052 1742 pungitur,
1076 1698 1192 1729 animal
1208 1698 1284 1730 huic
1302 1700 1520 1741 experimento
1540 1698 1618 1730 sub—

291 1753 440 1791 missum,
462 1763 575 1794 corpus
593 1764 688 1783 suum
709 1752 804 1796 jactat
824 1759 855 1783 et
877 1765 1029 1795 magnum
1050 1752 1189 1784 dolorem
1207 1752 1405 1792 manifestat,
1421 1762 1492 1794 quae
1513 1758 1617 1783 trans—

290 1807 396 1837 missio
419 1806 550 1836 actionis
571 1816 696 1836 nerveae
721 1805 821 1836 libere
842 1805 978 1837 efficitur
1001 1816 1103 1848 usque
1129 1805 1169 1836 ad
1192 1811 1339 1837 centrum
1362 1804 1536 1844 cerebrale,
1560 1805 1616 1837 ubi

291 1858 330 1890 ab
357 1858 486 1889 animali
512 1859 700 1901 percipitur.
730 1858 832 1901 Igitur
856 1858 924 1889 haec
947 1859 1138 1889 transmissio
1165 1858 1272 1889 locum
1297 1856 1393 1888 habet
1417 1868 1476 1900 per
1502 1868 1616 1890 nervos

291 1914 347 1956 qui
369 1923 434 1944 sese
452 1914 486 1943 in
508 1912 590 1943 hanc
606 1918 730 1955 partem
745 1911 950 1944 distribuunt.
970 1912 1097 1943 Animal
1117 1917 1282 1954 postquam
1302 1911 1384 1941 hanc
1403 1912 1614 1943 sensationem

290 1966 324 1996 in
347 1965 475 1997 cerebro
500 1977 557 2001 suo
582 1966 742 2009 percepit,
778 1965 811 1996 in
836 1965 929 1997 hasce
953 1965 1077 1996 easdem
1103 1971 1207 2007 partes
1233 1964 1410 1997 voluntarie
1435 1965 1554 2008 reagit‚
1582 1970 1616 1997 et

351 2077 395 2106 (ι)
411 2077 486 2100 Anat.
506 2077 535 2100 de
549 2077 668 2106 Sabatier,
688 2082 747 2101 tom.
764 2079 815 2106 111,
835 2084 888 2107 pag.
908 2078 959 2107 275.
979 2076 1060 2104 Paris,
1084 2077 1147 2106 1781.
