1809 2469
884 225 895 266 (
920 225 961 263 54
984 223 995 265 )

279 306 355 334 situs
375 302 457 333 oculi
481 300 616 331 lateralis
638 300 671 330 in
690 308 861 329 numerum
884 306 1047 327 naevorum
1069 294 1229 337 tclescopii
1249 294 1462 325 Newtoniani
1482 294 1599 326 relatus

283 356 387 387 fucrit.
416 355 544 396 Quippe
565 353 613 384 uti
633 353 710 383 situs
730 351 813 382 oculi
835 349 971 380 lateralis
993 347 1261 379 commodissimus
1280 353 1326 377 est
1345 347 1378 377 in
1399 346 1599 378 observandis

280 408 408 452 objectis
429 407 554 444 vertici,
572 416 667 447 quam
685 404 856 440 horizonti,
877 400 1093 443 propioribus,
1113 400 1164 431 vel
1180 400 1309 429 omnino
1326 398 1365 429 ad
1380 398 1598 438 altitudinem,

280 460 383 491 inedia
403 460 615 501 superiorem,
636 457 784 495 clevatis⁷
807 456 847 485 ita
868 455 946 484 situs
965 452 1048 483 oculi
1072 452 1111 483 ab
1135 451 1257 495 objecto
1274 463 1400 483 aversus
1424 451 1602 493 plurimum

282 514 358 544 t'acit
380 512 417 542 ad
442 510 686 542 conservandam
712 508 877 539 oculorum
897 507 995 537 aciem
1019 506 1053 536 in
1072 505 1345 538 observationibus
1369 504 1440 535 solis
1461 510 1493 535 et
1517 504 1601 535 lunae

286 567 484 608 frequentius
504 563 715 594 instituendis.

325 619 414 648 Licet
442 618 475 647 in
508 615 695 647 adornandis
731 614 860 644 diversis
890 612 986 656 hujus
1017 612 1175 654 telescopii
1211 610 1353 653 partibus
1387 609 1604 641 subtilioribus

282 671 375 712 plura
400 681 417 700 a
445 669 792 701 dexterrimoeuctore
822 677 975 708 perquam
1002 665 1163 707 ingeniose
1193 665 1368 705 excogitata
1397 664 1475 700 sint,
1503 662 1603 692 nihilo

284 724 385 753 secius
403 720 653 752 sustentaculum
674 719 759 749 illius
779 720 924 760 ineptum
949 717 1128 759 diversique
1151 722 1254 747 motus
1274 716 1323 746 vel
1344 716 1429 746 vittis
1449 714 1497 745 vel
1515 715 1604 744 funi-

283 775 362 806 culis
382 773 544 816 producti,
565 777 596 802 et
612 771 741 802 fortasse
759 772 853 800 etiam
872 771 986 811 figura,
1007 769 1196 811 eurythmiae
1214 768 1358 806 adversa,
1382 767 1499 810 (hujus
1519 768 1604 797 enim

288 826 445 868 telescopii
466 830 612 867 respectu
634 823 729 854 tubus
746 823 882 853 lateralis
904 823 1028 852 sinister
1048 822 1087 852 ab
1108 822 1275 859 iconismo,
1301 821 1354 862 fig.
1373 820 1425 851 9¹¹²*
1443 830 1606 862 expresso,

286 880 390 911 abesse
412 877 596 920 cogitandus
616 877 680 918 est)
701 876 860 906 obstaculo
876 876 984 913 fuere,
1005 886 1069 917 quo
1090 875 1196 905 minus
1216 886 1232 904 a
1251 874 1391 916 Physicis
1407 879 1439 904 et
1455 874 1607 903 Astrono—

287 934 344 962 mis
361 932 543 973 adoptatum
560 930 668 961 fuerit.
685 930 814 959 Interim
827 929 877 958 isti
889 929 969 959 naevi
987 939 1060 958 cum
1075 927 1167 957 facile
1181 927 1247 957 tolli
1263 928 1381 968 possint
1397 925 1607 957 construendo

287 983 500 1015 sustentaculo
524 981 687 1013 commodo
710 988 805 1023 atque
829 981 961 1019 idoneo,
991 979 1192 1021 motibusque
1216 979 1352 1009 cochleis
1370 979 1608 1009 micrometricis

288 1049 323 1068 ac
344 1036 455 1067 rotulis
471 1035 661 1077 perticisque
678 1034 728 1065 vel
743 1034 868 1064 laminis
883 1033 1017 1063 dentatis
1038 1032 1264 1074 producendis,
1285 1038 1370 1062 certe
1387 1043 1450 1062 non
1469 1031 1608 1070 obstant,

289 1090 459 1131 quominus
477 1094 586 1119 auctor
607 1088 646 1117 de
668 1087 762 1117 rebus
783 1087 892 1128 opticis
913 1086 1039 1127 egregie
1060 1086 1211 1115 meruisse
1237 1084 1287 1116 vel
1312 1085 1370 1115 hoc
1392 1085 1456 1115 solo
1480 1085 1608 1115 nomine

290 1141 503 1184 pcrliibendus
527 1141 581 1178 sit,
603 1139 688 1182 quod
708 1139 830 1180 primus
851 1137 1022 1168 ostenderit
1044 1137 1219 1178 telescopiis
1239 1136 1290 1167 vel
1309 1136 1505 1178 bipedalibus
1528 1136 1612 1166 obti-

290 1197 357 1227 neri
381 1205 489 1237 posse‚
514 1192 599 1235 quod
625 1192 844 1223 Herse-helius
869 1192 1029 1231 sexaginta
1053 1190 1120 1220 fere
1148 1194 1216 1230 post
1241 1189 1344 1230 ipsum
1371 1189 1461 1218 annis
1486 1189 1611 1218 nonnisi

290 1249 443 1279 machinis
468 1246 603 1287 decuplo
625 1251 719 1286 atque
740 1244 817 1274 adeo
838 1244 1005 1286 vigecuplo
1024 1242 1134 1285 majori
1155 1241 1355 1284 longitudine
1374 1241 1612 1281 molestissimis,

292 1300 518 1341 omnibusque,
546 1297 661 1340 quibus
685 1296 723 1327 ad
745 1296 863 1326 loculos
882 1298 983 1338 regios
1005 1295 1107 1325 aditus
1129 1306 1191 1324 non
1217 1300 1320 1336 patet,
1344 1295 1411 1324 fere
1433 1295 1612 1333 inaccessis,

292 1358 480 1384 consecutus
500 1357 564 1388 est,
594 1356 631 1381 ut
654 1349 773 1380 scilicet
793 1349 964 1390 imaginem
983 1347 1022 1378 ab
1046 1358 1110 1378 uno
1133 1347 1262 1389 speculo
1284 1357 1421 1378 concavo
1446 1347 1614 1378 formatam

294 1405 386 1436 oculo
410 1415 466 1446 per
488 1404 607 1433 lentem
628 1402 882 1443 microscopicam
903 1400 1046 1442 proxime
1067 1399 1280 1431 contuendam
1301 1400 1467 1442 praeberet.

338 1477 408 1506 VII.
448 1475 667 1516 Telescopium
709 1485 907 1514 anonymum
943 1472 1115 1504 absolvitur
1146 1473 1332 1503 reductione
1367 1472 1530 1514 telescopii
1566 1473 1618 1503 vel

301 1528 497 1570 Gregoriani
512 1526 563 1558 vel
584 1526 857 1567 Cassegrainiani
877 1525 914 1556 ad
938 1525 1070 1556 formam
1093 1525 1364 1561 Netvtonianam,
1383 1526 1451 1563 cui,
1464 1530 1616 1566 tanquam

297 1581 447 1624 palmaria
469 1579 621 1617 conditio,
638 1579 792 1621 proposita
814 1584 860 1608 est
879 1578 1083 1608 conservatio
1101 1578 1304 1619 integritatis
1325 1578 1454 1618 speculi
1470 1578 1617 1607 concavi.

298 1634 441 1665 Nominis
470 1633 549 1662 ratio
576 1632 609 1661 in
635 1641 671 1661 eo
697 1630 865 1672 quaerenda
892 1635 953 1668 est,
984 1629 1069 1671 quod
1095 1631 1232 1660 auctoris
1261 1640 1378 1660 nomen
1408 1641 1458 1660 me
1489 1628 1620 1671 quidem

299 1687 410 1724 lateat,
431 1686 550 1727 quippe
571 1684 627 1725 qui
650 1683 773 1713 nonnisi
795 1694 833 1713 ex
848 1693 945 1724 opere
967 1683 1086 1713 ιΙαοοῦἱ
1107 1683 1241 1712 Smitlzii
1255 1683 1300 1723 (ἢ
1329 1683 1508 1720 didicerim,
1532 1682 1620 1713 hunc

300 1738 474 1771 istiusmodi
497 1737 762 1767 constructionem
775 1732 888 1767 revera
899 1741 931 1766 et
947 1746 1020 1766 cuni
1037 1735 1153 1777 insigni
1170 1746 1315 1766 successu
1334 1736 1478 1766 effectam
1496 1734 1618 1766 vidisse.

345 1791 435 1822 Illam
459 1791 567 1831 itaque
589 1800 623 1819 ea
652 1789 771 1818 ratione
797 1788 1029 1830 exsequendam
1055 1799 1197 1830 propono
1221 1799 1293 1830 quae
1322 1788 1422 1830 figura
1449 1789 1502 1819 9ῃὶι
1528 1787 1622 1818 exhi-

302 1845 418 1882 betur,
447 1842 570 1873 obtecto
596 1852 651 1872 seu
675 1846 793 1871 resecto
822 1840 898 1871 tubo
928 1840 1049 1870 laterali
1078 1840 1199 1871 dextro.
1234 1841 1344 1879 Ratio,
1375 1851 1438 1882 qua
1471 1840 1622 1871 inductus

304 1899 381 1935 sim,
413 1901 449 1926 ut
476 1894 572 1937 hujus
597 1893 755 1935 telescopii
782 1892 858 1923 tubo
883 1892 1004 1923 laterali
1029 1893 1185 1924 sinistram
1215 1892 1284 1923 tubi
1310 1892 1469 1935 amplioris
1499 1898 1621 1935 partem

306 1951 511 1992 assignarem,
536 1947 617 1978 infra
638 1947 767 1988 patebit.
795 1946 942 1977 Ceterum
964 1952 996 1977 et
1018 1946 1177 1977 radiorum
1200 1946 1247 1977 via
1264 1951 1295 1976 et
1310 1945 1470 1988 telescopii
1491 1945 1623 1975 effectus

353 2043 396 2071 ζ’)
412 2041 463 2064 The
479 2040 612 2062 Panorama
632 2039 660 2061 os
675 2039 768 2061 Scieuce
787 2040 834 2062 and
849 2040 902 2062 Art.
922 2040 966 2062 Ed.
982 2048 1003 2069 9.
1022 2039 1140 2068 London,
1158 2040 1229 2067 1823,
1246 2039 1275 2061 T.
1293 2040 1311 2061 l.
1333 2046 1357 2068 p.
1375 2039 1428 2069 498.
