1809 2469
896 222 907 264 (
933 224 975 256 70
998 223 1010 266 )

288 295 404 327 tialiter
424 295 572 336 diversae,
589 294 649 327 sub
665 297 751 328 vario
767 301 915 338 respectu
934 296 1051 328 similes
1067 308 1133 329 esse
1148 305 1289 340 possunt.
1312 299 1448 344 Corpora
1466 303 1619 345 praeterea

287 363 426 395 quorum
447 351 527 381 actio
548 350 691 381 chemica
714 351 747 381 in
777 350 840 381 illis
864 351 1146 394 perquisitionibus
1172 355 1365 397 requiritur,
1390 363 1465 387 sunt
1490 357 1619 389 acidum

289 407 441 438 uitricum
468 405 560 436 modo
589 404 726 435 calidum
742 428 750 443 ,
777 404 870 435 modo
897 405 1071 447 frigidum,
1103 408 1299 449 potassinum
1331 411 1528 450 causticum,
1555 417 1617 441 etc.

286 461 378 491 Actio
400 460 512 490 nociva
538 465 570 490 et
590 459 763 490 vehemens
785 458 898 500 prioris
919 459 952 487 in
974 463 1081 489 textus
1105 461 1268 502 organicos
1289 463 1450 494 neminem
1471 463 1565 503 latet,
1588 469 1621 495 et

286 514 355 557 ejus
387 512 608 544 tantummodo
632 513 775 551 actione,
801 523 817 542 a
839 510 956 553 plantis
983 511 1073 542 nobis
1098 513 1230 555 praeberi
1260 515 1392 546 cellulas
1422 509 1617 559 globulosaS,

286 568 541 610 microscopicas,
573 566 767 596 substantia
790 567 930 596 nervosa
954 565 1091 608 repletas
1116 567 1256 608 minime
1271 569 1408 601 videtur.

331 621 427 653 Nobis
453 621 598 652 arbitrari
622 621 716 651 liceat
743 620 812 650 illos
838 619 982 662 globulos
1007 632 1071 651 non
1098 621 1197 664 magis
1221 622 1261 652 acl
1286 629 1419 665 systema
1447 635 1620 655 nervosum

286 687 383 717 quam
403 674 443 705 ad
463 685 558 705 omne
573 673 661 704 aliud
682 674 853 716 pertinere.
875 673 1076 712 Quibusdam
1093 676 1320 717 experimentis
1335 676 1418 708 illud
1437 676 1618 719 probemus.

825 790 848 833 g
894 791 1080 822 LXXXIX.

332 891 378 920 1⁰.
404 888 555 931 Cepimus
575 888 754 930 portionem
772 888 893 919 Labelli
911 888 1058 919 Orchidis
1073 888 1232 928 latifoliae,
1247 889 1401 933 illamque
1416 889 1622 922 submisimus

287 943 427 974 examini
448 943 688 985 inieroscopico,
713 942 868 973 diametro
892 944 1033 984 sexagies
1057 948 1162 973 aucto.

332 1006 480 1036 Vidimus
499 1006 634 1047 parietes
654 1004 725 1035 telae
745 1004 904 1035 cellularis
926 1005 1142 1036 roseo-vivido
1163 1005 1267 1036 colore
1289 1006 1419 1045 tinctaS,
1437 1012 1469 1037 et
1490 1007 1621 1038 cellulas

289 1058 386 1090 rubro
399 1058 503 1089 colore
514 1058 683 1097 uniformi,
700 1058 742 1088 ita
759 1063 796 1088 ut
811 1057 929 1099 absque
941 1056 1038 1088 dubio
1050 1059 1182 1088 materie
1193 1058 1353 1089 colorante
1365 1059 1494 1100 repletae
1506 1067 1619 1091 essent.

331 1123 378 1152 2⁰.
403 1121 614 1152 Submisimus
630 1120 774 1151 eamdem
789 1125 913 1162 partem
929 1119 1045 1149 actioni
1062 1120 1144 1151 acidi
1162 1121 1270 1151 nitrici
1286 1121 1411 1163 frigidi,
1430 1127 1462 1152 et
1482 1123 1623 1154 examini

287 1176 512 1218 microscopico
538 1174 648 1216 (Tab.
674 1173 748 1204 Vl.
768 1173 837 1216 fig.
860 1173 965 1215 22),
996 1172 1135 1205 vidimus
1171 1179 1249 1204 tunc
1275 1173 1413 1205 colorem
1442 1174 1622 1207 violaceum

289 1230 405 1260 mutari
427 1230 459 1259 in
481 1227 616 1259 rubrum
638 1227 782 1259 vividum
800 1227 867 1270 (b),
886 1227 930 1258 ita
950 1232 988 1258 ut
1010 1227 1091 1258 actio
1115 1232 1148 1258 et
1168 1226 1298 1259 cellulas
1320 1233 1352 1258 et
1371 1228 1507 1270 parietes
1525 1229 1623 1261 simul

288 1283 517 1326 aggrederetur
540 1282 600 1324 (a).

332 1346 464 1378 Cellulae
485 1357 594 1378 vacuae
616 1345 739 1377 nullam
760 1345 849 1377 nobis
872 1348 1084 1378 mutationem
1104 1343 1314 1376 ostendebant
1333 1343 1441 1387 (quod
1461 1344 1623 1377 oriebatur

287 1412 326 1431 ex
343 1400 472 1431 defectu
490 1400 632 1430 materiei
645 1399 826 1439 coloranti83
840 1400 939 1442 igitur
950 1399 1075 1431 cellulae
1091 1410 1155 1442 per
1164 1410 1196 1429 se
1214 1399 1314 1441 ipsam
1330 1409 1394 1428 non
1407 1397 1620 1442 afficiuntur).

331 1463 475 1494 Tandem
507 1464 587 1493 actio
613 1474 803 1505 permanens
831 1463 912 1494 acidi
937 1464 971 1494 in
998 1463 1118 1495 ssavum
1146 1461 1292 1493 mutabat
1324 1467 1470 1501 textum,
1499 1462 1624 1494 cellulis

289 1518 424 1548 formam
458 1516 638 1558 regularem
677 1515 843 1547 auferebat
875 1522 907 1547 et
937 1517 1093 1559 originem
1122 1515 1283 1558 praebebat
1314 1515 1455 1546 obscuris
1487 1515 1624 1558 globulis

289 1572 370 1612 (de,
401 1571 482 1601 Tab.
510 1570 584 1601 b‘l.
602 1569 670 1612 fig.
694 1569 781 1611 23.).

334 1634 381 1665 3⁰.
407 1633 510 1664 Aliam
543 1634 721 1675 portionem
756 1633 876 1664 Labelli
906 1633 1112 1666 submisimus
1140 1633 1257 1664 actioni
1293 1632 1460 1669 ammoniae
1477 1644 1483 1662 :
1518 1638 1625 1664 textus

291 1687 432 1729 primum
452 1686 575 1725 viridis,
596 1686 669 1716 dein
685 1686 808 1718 albidus
824 1688 933 1719 evasit.
951 1688 987 1718 In
1004 1688 1103 1730 priori
1118 1693 1219 1726 statu,
1238 1686 1327 1718 nulla
1346 1687 1492 1717 formatio
1508 1686 1626 1729 globu-

291 1742 394 1772 lorum
412 1741 518 1771 locum
536 1740 664 1779 habuit,
682 1741 713 1770 in
734 1742 897 1783 posteriori
915 1753 989 1773 vero
1007 1741 1064 1773 soli
1085 1740 1276 1772 cellularum
1290 1739 1408 1771 residui
1426 1746 1623 1771 manserunt.

336 1806 382 1845 4⁰.
407 1804 559 1848 Ejusdem
575 1805 685 1845 organi
706 1804 797 1835 aliam
811 1806 997 1847 ‘portionem
1017 1804 1222 1835 submisimus
1243 1803 1384 1846 primum
1406 1804 1522 1834 actioni
1538 1803 1625 1835 alco-

292 1858 389 1897 bolis,
411 1856 527 1888 deinde
547 1857 663 1887 actioni
684 1859 868 1897 ammoniae,
895 1864 1002 1889 textus
1025 1857 1203 1897 viridescit,
1227 1856 1395 1899 productio
1420 1856 1624 1899 globulorum

292 1912 489 1955 regularium
509 1916 541 1941 et
559 1910 784 1951 irregularium
806 1912 912 1944 locum
933 1912 1063 1953 habuit3
1090 1923 1162 1943 mox
1181 1922 1291 1944 omnes
1311 1917 1531 1943 evanuerunt:
1554 1911 1625 1943 illos

293 1965 451 2009 prioribus
470 1964 635 1996 dissimiles
659 1965 808 2006 arbitror,
834 1973 867 1998 et
885 1978 937 1998 eos
961 1967 1062 1998 habeo
1086 1972 1238 2008 tanquam
1262 1963 1367 1996 bullas
1391 1964 1529 2006 quodam
1551 1976 1624 1996 cor-

293 2030 370 2062 pore
389 2019 551 2051 aeriformi
573 2018 659 2062 quod
680 2018 816 2052 durante
836 2021 960 2052 actione
980 2019 1219 2059 efl'ormabatur,
1242 2018 1422 2061 productas.
