1809 2469
938 219 1030 262 (4)

320 319 396 350 quae
426 319 535 338 omnes
555 308 728 349 proecipue
751 308 908 349 antiquos
934 306 1159 348 Physiologos
1187 307 1366 338 inducebat
1383 307 1431 338 ad
1452 307 1648 343 videndum,

320 382 397 412 quoe
418 370 528 401 videre
549 370 748 411 cupiebant:
775 375 877 412 atque
896 370 947 399 sic
971 370 1021 406 si,
1048 370 1140 400 nullo
1160 371 1273 411 partis
1299 370 1410 401 studio
1434 370 1544 406 ducti,
1568 370 1651 400 sim—

315 434 403 474 plici
429 433 658 464 observatione
683 433 827 463 contenti
848 431 1016 474 fuissent,
1045 432 1187 473 infinitis
1216 434 1286 464 illis
1309 434 1426 464 litibus
1451 444 1570 464 ansam
1589 444 1652 463 non

315 496 554 538 praebuissent.

367 612 570 653 Nuperiores
586 622 660 641 vero
675 611 881 653 Pltysiologi
905 622 969 641 non
986 612 1094 641 solum
1115 623 1178 642 sua
1200 611 1397 642 dexteritate
1417 613 1520 649 clari,
1542 623 1654 642 verum

324 675 426 705 etiam
450 674 535 704 bonci
561 675 626 704 suci
645 673 716 716 fide
740 680 773 704 et
793 675 986 705 sinceritate
1011 674 1309 711 commendabiles,
1337 676 1443 705 multa
1467 681 1500 706 et
1519 676 1656 718 egregia

325 737 364 768 de
387 737 451 767 liac
476 749 510 767 re
535 738 760 778 experimenta
788 737 1014 767 instituerunt.
1052 737 1168 779 Igitur
1192 737 1388 768 (lucentibus
1416 739 1554 769 summis
1586 739 1656 769 illis

326 801 431 837 viris,
482 801 605 831 nostris
640 801 768 831 viribus
797 799 888 842 sorte
923 800 1033 841 impar
1063 807 1295 842 argumentum
1330 801 1563 843 aggredimur,
1599 812 1659 842 spe

326 863 435 899 ducti,
464 863 556 905 quod
579 864 681 894 etiam
707 862 843 904 aliquid
865 861 1012 904 conferre
1031 864 1264 902 potuerimus,
1292 869 1329 893 ut
1355 863 1447 894 vobis
1469 863 1659 904 comprobe-

328 938 402 957 mus
431 926 597 968 duplicem
624 927 766 957 existere
793 937 965 957 nervorum
993 926 1150 957 ordinem.
1188 926 1314 968 Itaque
1338 938 1402 957 non
1429 932 1558 957 tantum
1582 937 1661 957 con-

330 990 412 1019 tenti
424 988 560 1031 fuimus
586 1000 644 1020 vos
664 989 797 1019 edocere
821 989 1048 1029 experimenta
1071 1000 1092 1018 a
1121 989 1353 1029 nuperioribus
1372 989 1585 1031 physiologis
1609 990 1663 1019 in-

328 1053 450 1082 stituta
480 1052 596 1094 (quod
618 1063 751 1093 operam
773 1057 920 1082 nostram
945 1051 1049 1081 multo
1079 1050 1258 1082 breviorem
1284 1057 1317 1082 et
1332 1050 1525 1093 faciliorem
1549 1051 1661 1082 reddi-

330 1113 478 1155 disset),
510 1114 572 1144 sed
594 1114 706 1144 omnia
732 1114 936 1144 notabiliora
960 1114 1194 1154 repetivimus,
1228 1113 1355 1144 additis
1385 1114 1459 1144 illis
1491 1124 1569 1156 quoe
1597 1115 1664 1155 ipsi

332 1178 560 1214 instituimus,
600 1183 634 1207 et
667 1188 745 1219 quae
774 1177 903 1208 ultimis
932 1177 1024 1208 hisce
1055 1177 1257 1218 temporibus
1290 1188 1313 1207 a
1340 1177 1433 1208 nullo
1460 1177 1663 1219 physiologo

332 1242 490 1272 instituta
510 1240 628 1284 fuisse
656 1241 833 1272 credimus.

376 1359 504 1401 Itaque
527 1359 638 1390 visum
661 1359 758 1390 nobis
782 1365 835 1391 est
854 1359 971 1390 debere
995 1364 1144 1400 systema
1169 1369 1323 1389 nerveum
1354 1358 1389 1388 in
1412 1357 1565 1388 omnibus
1593 1358 1666 1388 suis

328 1422 488 1463 partibus
523 1423 696 1464 conspici,
745 1428 782 1453 ut
816 1423 935 1453 melius
969 1427 1245 1464 cognoscerentur
1267 1421 1492 1462 proprietates
1522 1420 1667 1451 omnium

336 1486 470 1516 illorum
498 1497 716 1529 organorum,
756 1492 790 1517 et
821 1492 858 1517 ut
888 1486 952 1517 hac
990 1485 1119 1516 ratione
1152 1484 1200 1515 ad
1226 1482 1411 1526 perfectam
1448 1483 1670 1524 cognitionem

331 1551 544 1594 functionum
570 1551 789 1592 specialium,
819 1550 898 1581 huic
921 1549 1098 1591 systemati
1127 1548 1376 1583 devolutarum,
1399 1546 1671 1587 perveniremus,-

340 1627 417 1658 quoe
449 1621 559 1646 tamen
583 1614 776 1657 functiones
803 1625 825 1644 a
854 1625 891 1644 se
916 1613 1056 1643 invicem
1083 1621 1281 1653 magnopere
1306 1607 1476 1651 differunt.
1524 1607 1672 1638 Demon-

339 1678 512 1708 strandum
538 1679 674 1718 insuper
701 1676 909 1713 remanebat,
940 1675 1032 1717 quod
1054 1675 1125 1705 ltoec
1146 1673 1338 1716 differentia
1373 1672 1460 1702 inter
1473 1670 1671 1713 functiones

339 1753 511 1773 nervorum
534 1741 718 1782 dependeat
737 1752 802 1771 non
823 1740 932 1770 solum
953 1750 975 1769 a
991 1739 1087 1769 varia*
1106 1748 1216 1769 eorum
1234 1740 1423 1770 structura,
1443 1743 1555 1764 verum
1570 1733 1673 1763 etiam

341 1806 384 1836 ab
407 1816 531 1848 organo
552 1805 586 1835 in
609 1815 674 1846 quo
698 1804 932 1839 terminantur,
956 1807 989 1832 et
1004 1812 1147 1843 quocum
1165 1797 1495 1831 communicationem
1513 1795 1674 1826 directam

341 1870 449 1900 alunt.
472 1869 629 1910 Namque
651 1868 701 1899 uti
720 1868 754 1898 in
771 1867 912 1897 decursu
926 1871 1048 1896 nostrae
1065 1862 1311 1895 dissertationis
1333 1859 1557 1890 demonstrare
1571 1868 1673 1888 cona-

344 1934 453 1964 bimur
462 1955 474 1970 ,
507 1932 602 1963 sedes
629 1932 804 1973 praecipua
835 1929 1108 1961 contractilitatis
1139 1933 1174 1958 et
1199 1923 1436 1956 sensibilitatis
1464 1931 1577 1952 revera
1609 1931 1674 1950 non

342 1997 465 2028 residet
482 2008 588 2039 neque
605 1997 640 2027 in
659 1995 787 2032 newis,
809 2005 917 2037 neque
941 1993 976 2024 in
998 1992 1166 2028 medulla,
1195 1990 1245 2021 uti
1266 1987 1354 2020 illud
1371 1986 1515 2029 probare
1538 1984 1676 2026 antiqui
