1809 2469
800 185 915 228 (21)

234 276 276 306 Et
299 275 343 306 sic
368 274 528 306 academia
559 279 663 304 nostra
687 272 789 303 indies
820 271 1010 314 augebitur,
1040 279 1180 313 crescet,
1207 272 1351 313 florebit,
1386 273 1533 316 eritque,

191 339 277 383 quod
300 338 448 370 omnibus
472 339 505 369 in
527 338 606 370 votis
631 342 697 375 est,
717 340 895 377 perpetua.

236 463 283 495 Ut
303 463 431 494 tandem
453 461 493 492 ad
513 460 546 492 id
573 459 759 499 deveniam,
785 458 878 503 cujus
900 470 994 491 causa
1017 461 1120 491 omnis
1139 460 1237 502 hujus
1258 461 1321 492 diei
1341 461 1535 493 sollemnitas

192 528 388 565 celebratur,
409 537 494 557 anno
512 525 709 564 academico‚
733 534 813 566 qim,
832 522 966 567 jubente
987 524 1075 567 Rege
1095 524 1345 566 Angustissimo,
1366 525 1535 567 magistra-

191 596 262 622 tum
282 589 502 634 academicum
520 589 617 632 gessi,
637 587 701 632 jam
721 586 910 626 terminato,
928 587 1115 629 priusquam
1134 587 1234 618 fasces
1253 586 1428 629 deponam,
1450 598 1536 629 prae-

191 654 285 696 cipua
312 652 411 697 hujus
436 653 511 683 anni
537 652 602 689 fata
631 651 766 682 strictim
793 662 1003 693 percurrere,
1038 662 1218 694 eorumque
1250 652 1340 694 quasi
1373 651 1536 694 quandam

191 716 468 748 adumbrationem
493 716 638 747 omnium
660 714 923 757 contemplationi
944 727 1123 758 proponere
1148 715 1234 758 leges
1255 714 1382 759 jubent.

235 781 272 811 In
291 792 355 823 qua
375 780 507 823 quidem
528 791 563 811 re
583 779 717 810 mirifice
739 778 849 818 laetor,
877 779 957 810 mihi
981 780 1148 822 contigisse
1174 789 1240 810 esse
1262 785 1326 809 tam
1349 778 1453 818 felici,
1476 785 1534 819 ut,

191 845 305 875 seriem
323 855 435 875 eorum
453 855 525 886 quae
544 843 629 885 apud
644 854 701 873 nos
717 849 786 874 acta
803 849 894 883 sunt,
917 844 1130 886 perlustrans,
1149 843 1231 873 nihil
1249 843 1379 874 omnino
1397 844 1537 875 invene-

190 907 267 945 rim,
290 905 376 948 quod
392 905 516 938 adversi
532 905 624 936 titulo
644 907 902 949 nuncupandum
924 913 1014 938 esset.
1036 907 1127 938 Licet
1142 907 1228 937 enim
1247 906 1366 938 civium
1387 917 1536 949 quorun-

192 969 264 1000 dam
277 975 459 1000 nostrorum
472 980 575 1000 mores
590 970 705 1012 passim
721 971 778 1001 uni
794 970 927 1002 alterive
938 970 1093 1002 desiderio
1109 970 1217 1002 locum
1229 971 1393 1009 fecissent,
1409 981 1536 1013 semper

190 1038 298 1064 tamen
323 1032 418 1075 longe
444 1031 572 1075 majoris
595 1033 725 1063 numeri
750 1033 968 1076 integritatem
992 1041 1090 1077 atque
1116 1035 1315 1066 honestatem
1344 1035 1535 1077 pauciorum

190 1107 311 1128 errores
332 1097 429 1139 signis
443 1096 532 1128 haud
547 1096 705 1140 ambiguis
725 1097 935 1140 improbasse,
956 1109 1022 1129 non
1038 1099 1106 1129 sine
1124 1104 1289 1129 recreante
1304 1097 1423 1129 laetitiae
1439 1109 1535 1129 sensu

188 1160 279 1192 nobis
300 1167 501 1202 compertum
517 1161 590 1192 fuit.
615 1161 754 1192 Proinde
775 1162 901 1192 nonnisi
921 1161 1008 1201 laeta,
1029 1161 1152 1200 felici-a,
1174 1166 1322 1203 exoptata
1344 1160 1433 1191 nobis
1447 1172 1535 1202 venu-

188 1234 313 1255 merare
335 1223 446 1254 datum
463 1229 520 1254 est.
549 1224 637 1255 Inter
658 1235 730 1267 quae
748 1225 856 1267 primo
873 1225 942 1256 loco
961 1224 1165 1268 praedicanda
1184 1230 1231 1256 est
1254 1225 1439 1255 continuata
1462 1225 1533 1256 Au-

166 1302 169 1305 ·
189 1286 361 1329 gustissimi
389 1286 483 1328 Regis
520 1286 689 1327 clementia
702 1311 710 1326 ,
747 1293 780 1317 et
814 1289 1000 1319 continuata
1040 1288 1194 1319 Virorum
1233 1287 1511 1319 Nobilissimorum
1525 1312 1533 1327 ‚

188 1348 306 1392 quibus
327 1359 437 1380 rerum
457 1354 638 1380 nostrarum
660 1360 738 1380 cura
759 1349 949 1381 demandata
972 1357 1034 1390 est,
1058 1351 1259 1390 sollicitudo,
1285 1350 1403 1393 quibus
1425 1351 1532 1381 omnia

189 1412 242 1444 illa
264 1413 463 1444 incrementa
484 1419 613 1456 accepta
636 1413 805 1446 referenda
826 1421 921 1454 sunt,
948 1427 1020 1458 quae
1045 1407 1216 1447 academice
1236 1405 1349 1446 nostrae
1368 1415 1430 1446 hoc
1448 1427 1532 1446 anno

189 1487 358 1507 accessere.
389 1476 518 1507 Interna
540 1475 621 1507 aulae
644 1477 833 1509 academicae
856 1479 1027 1510 instructio
1047 1479 1180 1511 mirifice
1202 1485 1314 1518 aucta,
1340 1479 1531 1521 amplificata

189 1546 340 1571 exornata
364 1539 439 1570 fuit.
467 1539 556 1571 Nova
578 1546 759 1572 constructa
783 1541 900 1573 exedra
924 1542 1059 1585 amplior
1078 1543 1269 1586 recipiendi-s
1289 1542 1531 1574 collectionibus

187 1604 365 1636 Anatomiae
386 1610 577 1647 comparatae
599 1610 790 1647 opportuna.
817 1605 945 1637 Novum
964 1611 1183 1637 constructum
1203 1605 1428 1636 laboratorium
1451 1606 1529 1637 che-

187 1668 327 1707 micum‚
354 1667 514 1698 academia
535 1666 618 1698 bene
640 1667 744 1700 dotata
767 1669 917 1713 dignum,
944 1682 1019 1702 cum
1042 1669 1165 1714 adjecto
1187 1670 1432 1701 armamentario
1450 1669 1529 1700 che-

187 1732 271 1763 mico
299 1732 373 1762 satis
402 1731 507 1774 amplo
541 1737 574 1762 et
598 1727 775 1764 commodo.
810 1732 859 1764 Ad
889 1733 986 1765 finem
1016 1733 1171 1777 perducta
1197 1734 1365 1765 instructio
1400 1732 1527 1764 exedrae

189 1794 390 1837 amplissimae
414 1800 447 1826 et
466 1794 745 1838 splendidissimae,
770 1797 993 1829 conservandae
1013 1798 1150 1841 egregiae
1175 1797 1366 1840 supellectili
1388 1797 1526 1840 physicae

188 1864 394 1898 consecratae,
420 1870 547 1890 necnon
570 1859 708 1892 duarum
739 1861 932 1893 exedrarum
956 1861 1071 1893 scholis
1094 1862 1246 1893 chemicis
1271 1868 1368 1905 atque
1388 1862 1525 1905 physicis

186 1921 342 1953 habendis
366 1923 612 1965 aptissimarum.
643 1924 746 1956 Aucta
769 1936 898 1968 quoque
924 1924 1009 1956 horti
1029 1925 1201 1956 academici
1222 1925 1401 1956 instructio.
1433 1925 1525 1956 Prae-

187 1991 274 2017 terea
294 1985 437 2018 collectio
458 1987 746 2020 instrumentorum
768 1988 1024 2033 cliirurgicoeum
1044 1988 1172 2021 duobus
1188 1988 1314 2020 lectulis
1332 1988 1524 2020 mechanicis
