1809 2469
919 227 930 269 (
953 229 996 259 92
1020 227 1030 269 )

312 306 469 336 femoralis
490 304 668 346 posterioris
687 315 703 334 a
719 314 751 333 se
772 303 909 333 invicem
926 301 1115 344 separando,
1134 313 1269 333 nervum
1289 301 1491 333 Ischiaticum
1509 302 1548 333 ab
1567 303 1635 347 ejus

310 361 443 390 transitu
469 358 527 389 sub
551 369 661 400 magna
689 358 825 388 incisura
850 356 1026 395 ischiatica,
1048 367 1150 398 usque
1175 355 1213 386 ad
1237 354 1305 398 ejus
1329 355 1575 388 subdivisionem
1601 357 1635 387 iu

310 424 422 443 nervos
448 412 601 454 popliteos
622 412 785 442 internum
807 416 904 452 atque
927 416 1112 447 externum,
1136 409 1306 441 denudavi.

354 466 427 505 Quo
449 466 530 496 sacto
551 477 687 496 nervum
708 464 908 495 Iscliiaticum
934 463 1055 494 irritavi
1077 463 1109 493 in
1131 463 1276 505 pluribus
1296 464 1345 494 sui
1367 463 1518 495 decursus
1542 464 1633 503 locis,

310 526 341 551 et
362 520 439 550 dum
464 520 628 549 minimam
656 518 863 549 irritationem
890 516 1092 555 exercebam,
1114 517 1230 548 animal
1251 517 1394 560 undique
1414 529 1480 548 sese
1501 517 1636 561 jactabat

310 579 341 604 et
363 573 528 603 manifesta
549 573 665 603 summi
689 571 803 601 doloris
823 571 910 613 signa
935 570 1128 601 ostendebat.

353 626 477 657 Deinde
492 625 597 667 digitis
617 625 723 667 aliquo
742 631 885 666 tempore
899 636 1012 666 magna
1030 625 1059 655 vi
1082 634 1217 655 nervum
1237 625 1422 666 compressi,
1438 630 1471 655 et
1487 624 1550 668 jam
1568 630 1637 667 post

310 680 415 722 aliqua
440 680 562 710 minuta
585 678 723 710 secunda
745 677 832 709 dolor
851 677 1041 709 leniebatur.
1067 677 1190 708 Deinde
1211 677 1331 708 irritavi
1347 678 1525 720 portionem
1545 678 1637 710 nervi

309 734 392 765 infra
414 733 677 775 compressionem
695 733 785 763 sitam
801 738 833 763 et
850 732 959 763 eodem
980 738 1121 774 tempore
1139 742 1247 762 omnes
1262 731 1401 763 musculi
1415 731 1512 775 hujus
1530 738 1637 763 estre-

310 789 427 818 mitatis
448 787 688 819 violentissimas
711 787 792 828 passi
818 792 893 817 sunt
914 786 1162 824 contractiones,
1192 784 1310 828 absque
1335 796 1372 816 eo
1395 791 1432 816 ut
1454 785 1572 816 animal
1595 796 1636 816 ne

310 842 480 872 minimum
501 840 642 871 dolorem
668 840 806 882 experiri
829 839 1008 878 videretur,
1031 838 1147 869 frustra
1170 839 1360 868 irritationes
1384 837 1470 870 vario
1492 837 1585 868 modo
1606 843 1639 869 et

311 895 403 926 variis
418 893 637 924 instrumentis
657 892 878 931 instituebam,
902 891 1019 922 animal
1040 891 1154 922 doloris
1170 902 1282 934 expers
1302 890 1496 922 remanebat.
1513 890 1638 922 Deinde

310 948 486 990 portionem
504 958 599 989 supra
614 947 877 989 compressionem
895 947 985 976 sitam
998 946 1144 984 incitavi,
1160 945 1244 976 illico
1259 945 1374 976 animal
1387 956 1501 988 corpus
1513 956 1636 976 summa

311 1013 385 1032 cum
404 1000 553 1032 violentia
570 1000 735 1042 quassabat
750 1005 782 1030 et
799 1000 870 1030 totis
891 999 1066 1030 conatubus
1087 999 1267 1029 enitebatur
1288 998 1432 1029 evadere.
1457 998 1636 1029 Membrurn

310 1061 418 1086 autem
443 1054 577 1083 inferius
602 1063 667 1082 non
691 1057 758 1082 erat
779 1052 935 1093 particeps
963 1051 1003 1082 de
1020 1056 1103 1081 statu
1127 1050 1320 1089 contractili,
1348 1061 1445 1092 quem
1475 1051 1636 1093 reliquum

311 1118 426 1149 eorpus
454 1105 644 1148 patiebatur.
676 1104 818 1134 Tandem
848 1114 985 1134 nervum
1012 1103 1213 1134 transversim
1239 1103 1397 1140 resecavi,
1429 1109 1461 1133 et
1485 1104 1637 1134 institutis

310 1159 539 1192 irritationibus
565 1164 629 1188 tam
650 1158 683 1188 in
706 1163 820 1188 trunco
842 1156 998 1199 superiori
1022 1166 1119 1198 quam
1143 1155 1287 1186 inferiori
1312 1154 1460 1186 eumdem
1482 1167 1518 1186 ac
1543 1167 1639 1199 supra

311 1214 483 1246 memoravi
504 1214 627 1243 exitum
648 1211 783 1242 obtinui.

355 1268 390 1298 In
411 1266 528 1311 juniori
550 1265 636 1296 Cane
658 1265 705 1296 Cl.
723 1264 877 1296 Flourens
898 1275 957 1307 ope
976 1264 1150 1304 incisionis,
1176 1275 1247 1306 quae
1266 1276 1283 1295 a
1304 1275 1419 1307 magno
1437 1263 1638 1295 trochantere

311 1332 414 1364 usque
438 1319 476 1351 ad
505 1319 658 1362 poplitem
687 1317 948 1361 protrahebatur,
980 1329 1116 1350 nervum
1147 1318 1349 1349 Ischiaticum
1376 1317 1551 1349 denudavit
1571 1317 1638 1360 (1),

313 1375 391 1406 dum
413 1385 549 1405 nervum
572 1384 685 1415 parum
712 1372 822 1416 majori
845 1372 1020 1403 irritatione
1041 1371 1211 1411 afficiebat;
1243 1372 1360 1403 animal
1381 1371 1577 1403 horrendum
1604 1371 1639 1402 in

313 1428 444 1460 modum
466 1427 617 1458 clamores
638 1426 760 1458 edebat.
787 1426 924 1457 Musculi
945 1426 1131 1469 posteriores
1152 1426 1253 1457 cruris
1275 1426 1503 1457 contractiones
1519 1425 1638 1458 vividas

314 1489 346 1514 et
365 1481 512 1525 partiales
532 1480 793 1523 experiebantur,
812 1479 929 1510 animal
950 1480 1082 1510 summis
1100 1479 1238 1511 motibus
1258 1491 1372 1522 corpus
1391 1478 1593 1510 concutiebat
1607 1484 1641 1510 et

314 1538 401 1568 omni
420 1542 536 1567 conatu
554 1535 733 1566 enitebatur
752 1534 896 1567 evadere.
920 1534 1040 1565 Exacte
1059 1533 1233 1565 denudavit
1247 1534 1424 1576 portionem
1443 1533 1639 1575 superiorem

312 1591 411 1632 ipsius
431 1590 522 1621 nervi
543 1588 581 1619 ab
597 1588 744 1620 omnibus
764 1588 899 1620 surculis
919 1588 1044 1619 nerveis
1064 1598 1102 1618 ex
1123 1599 1159 1619 eo
1176 1587 1453 1630 provenientibus;
1470 1587 1640 1629 intercepit

314 1644 397 1674 lianc
428 1644 606 1686 portionem
631 1643 715 1673 inter
739 1642 817 1673 duas
844 1642 996 1685 ligaturas
1020 1647 1052 1672 et
1079 1647 1246 1684 postquam
1272 1640 1394 1672 dolores
1421 1652 1438 1671 a
1468 1639 1549 1671 binis
1578 1639 1639 1670 illis

314 1697 459 1739 ligaturis
487 1696 634 1739 producti
658 1695 757 1726 sedati
782 1696 925 1736 fuerint,
955 1696 1075 1727 alterne
1104 1696 1291 1738 puncturis,
1316 1685 1581 1732 vellicationibus,
1608 1699 1639 1724 et

316 1750 553 1782 tractationibus
582 1749 726 1780 submisit
754 1751 931 1792 portionem
961 1751 1052 1782 nervi
1079 1750 1122 1780 sic
1149 1749 1338 1791 intercepti3
1369 1754 1401 1779 at
1424 1758 1528 1789 neque
1560 1758 1638 1777 con-

315 1805 427 1835 tractio
447 1814 553 1846 neque
578 1804 711 1833 sensatio
732 1803 795 1833 fnit
815 1803 976 1834 observata
1002 1809 1034 1834 et
1054 1801 1172 1833 animal
1196 1801 1325 1833 nullum
1343 1800 1481 1832 dolorem
1502 1799 1638 1842 amplius

315 1862 486 1900 expertum
515 1862 572 1886 est.
602 1856 837 1898 Snpprimendo
861 1856 1030 1899 ligaturam
1056 1856 1267 1899 superiorem,
1292 1854 1443 1885 inferiore
1467 1853 1500 1884 in
1526 1853 1637 1884 eodem

315 1916 399 1942 statu
425 1915 626 1948 remanente,
651 1915 683 1940 et
707 1909 824 1941 iterum
849 1911 1027 1953 portionem
1052 1910 1159 1948 nervi,
1185 1907 1311 1952 jamjam
1334 1907 1463 1946 irritati,
1485 1906 1637 1938 irritando

317 1963 433 1995 animal
454 1963 604 1994 clamores
624 1962 738 2002 edidit,
757 1968 853 2005 atque
869 1963 1002 1995 evadere
1017 1964 1148 1994 enixum
1164 1968 1220 1993 est.
1240 1963 1281 1992 At
1301 1961 1437 1992 musculi
1452 1962 1639 2005 posteriores

375 2078 417 2105 (ι)
435 2077 489 2101 Loc.
513 2077 554 2100 cit.
