1809 2469
954 252 964 292 <
990 254 1031 283 20·
1056 254 1066 294 >

351 331 493 363 similiter
514 334 635 370 partem
654 327 842 358 anteriorem
866 324 1014 356 cerebelli
1037 325 1173 363 laeserat,
1197 324 1387 366 pedunculis
1406 326 1440 356 in
1458 324 1515 356 sua
1535 325 1669 368 integri-

350 391 413 415 tate
438 380 686 414 remanentibus.

393 438 564 478 Postquam
588 445 717 465 massam
741 431 977 474 encephalicam
998 431 1030 461 in
1055 430 1208 462 Columba
1231 431 1438 462 denudassem
1462 431 1535 462 bina
1560 430 1671 462 tuber—

350 492 419 523 cula
436 489 676 532 quadrigemina
694 486 826 523 abscidi,
844 483 961 515 animal
977 484 1138 514 rotationis
1154 490 1257 515 motus
1273 485 1393 527 aliquot
1407 496 1501 527 supra
1517 496 1549 515 se
1565 485 1670 527 ipsum

348 545 506 581 instituit,
531 548 563 573 et
586 542 658 572 dein
685 538 893 581 tranquillum
921 537 1086 575 remansit,
1113 536 1228 568 deinde
1252 538 1433 569 restitutum
1455 550 1471 568 a
1492 537 1670 576 debilitate,

350 609 445 640 quam
478 596 582 626 fuerat
605 604 748 636 passum,
778 591 817 622 ob
847 590 1128 632 haemon-hagiam,
1154 601 1225 632 quae
1244 592 1417 621 necessario
1444 596 1673 633 supervenerat

349 657 491 691 tempore
518 647 743 689 experimenti,
769 644 991 675 immobilitate
1017 643 1104 674 iridis
1129 644 1257 674 omnino
1282 643 1453 683 laboravit,
1481 649 1514 674 et
1536 644 1579 674 sic
1604 642 1673 686 ejus

350 703 471 733 caecitas
493 701 636 742 apprime
659 698 816 730 observari
835 703 969 740 poterat.

393 755 458 786 Etsi
484 755 554 786 visu
578 752 684 783 orbata
710 752 778 782 haec
802 751 976 790 Columba,
1007 756 1076 792 post
1106 756 1168 781 tres
1192 750 1243 782 vel
1273 756 1409 792 quatuor
1434 750 1499 780 dies
1529 749 1672 791 undique

349 809 513 846 currebat,
536 808 654 849 optime
669 817 734 837 sese
756 805 927 848 dirigebat,
948 815 1038 835 sonos
1058 804 1221 843 audiebat,
1240 803 1279 834 (le
1298 802 1492 846 objectorum
1508 803 1673 845 praesentia

350 863 465 893 certior
485 861 580 892 fiebat
598 866 630 890 et
647 859 883 890 nutrimentum
905 857 1065 900 quaerebat
1085 857 1119 887 in
1142 856 1252 887 eodem
1273 856 1358 895 loco,
1380 868 1443 898 quo
1464 856 1510 887 illi
1525 856 1584 886 hoc
1599 855 1674 886 dare

350 925 587 947 consueveram.
610 913 716 944 Primo
735 918 805 954 post
824 912 1041 954 operationem
1062 910 1113 941 die
1132 909 1172 941 ad
1190 910 1296 941 onmia
1316 908 1453 952 objecta,
1476 920 1547 951 quae
1564 907 1674 939 obvia—

349 969 419 1007 bat,
437 966 632 1005 offendebat,
649 976 709 996 nec
725 965 779 995 illa
797 965 895 997 vitare
909 970 1049 1007 poterat,
1063 964 1203 995 secundo
1218 964 1269 995 die
1286 969 1379 995 caute
1395 963 1457 1007 jam
1474 962 1527 993 illa
1542 961 1673 1000 vitabat,

349 1022 410 1052 nisi
436 1019 553 1051 animal
580 1018 873 1061 perterrefacerent.
900 1017 1024 1048 Deinde
1049 1017 1126 1047 adeo
1151 1016 1389 1058 diligentissime
1416 1022 1530 1046 cuncta
1555 1026 1676 1057 praeca—

349 1074 460 1112 vebat,
493 1079 531 1104 ut
561 1071 682 1114 objecta
712 1082 729 1102 a
760 1071 897 1101 maxima
927 1071 1075 1101 distantia
1100 1071 1217 1101 sentire
1244 1069 1418 1102 videretur.
1453 1070 1527 1099 Post
1556 1068 1676 1111 aliquot

350 1128 416 1158 dies
438 1133 501 1156 tam
523 1125 711 1167 regulariter
734 1134 843 1154 omnes
870 1135 943 1154 suos
968 1129 1073 1154 motus
1099 1122 1282 1161 exercebat,
1308 1127 1345 1153 ut
1369 1122 1446 1152 dum
1471 1121 1676 1163 progrediens

351 1185 554 1216 cerneretur,
582 1187 691 1209 revera
717 1176 843 1207 difficile
863 1176 976 1207 fuisset
995 1176 1095 1218 ipsam
1115 1175 1210 1218 plane
1233 1186 1348 1206 caecam
1373 1174 1512 1205 credere.

394 1234 441 1264 Ut
454 1233 514 1263 hac
530 1231 569 1262 de
585 1242 620 1262 re
632 1231 746 1261 certior
762 1230 945 1269 evaderem,
961 1229 1044 1260 hanc
1060 1228 1247 1260 Columbam
1262 1229 1296 1258 in
1309 1227 1414 1259 medio
1430 1227 1557 1267 circuli,
1577 1226 1677 1258 libro—

349 1298 422 1318 rum
443 1296 502 1327 ope
523 1284 677 1323 confecti,
700 1284 809 1326 posui,
831 1294 866 1314 ea
889 1289 996 1314 tamen
1017 1294 1092 1314 cum
1113 1282 1385 1313 animadversione
1406 1286 1442 1312 ut
1463 1292 1560 1311 unam
1582 1291 1676 1323 aper-

349 1347 456 1372 turam
475 1339 704 1380 relinquerem.
728 1337 874 1368 Secundo
896 1342 965 1379 post
985 1337 1243 1378 experimentum
1265 1335 1332 1374 die,
1355 1345 1428 1365 cum
1448 1335 1547 1376 ipsam
1567 1334 1601 1364 in
1616 1333 1676 1364 hoc

351 1392 471 1425 circulo
492 1391 707 1429 inclusissem,
733 1401 842 1420 omnes
866 1389 961 1420 libros
983 1389 1164 1420 indistincte
1186 1387 1383 1427 offendebat,
1409 1387 1509 1417 donec
1530 1387 1611 1417 forte
1637 1386 1677 1417 ad

350 1452 533 1490 aperturam
563 1444 746 1487 perveniret
771 1454 828 1485 per
854 1454 950 1485 quam
975 1442 1138 1474 evadebat.
1175 1441 1282 1472 Tertia
1311 1440 1361 1471 die
1387 1441 1505 1471 iterum
1528 1440 1614 1470 illam
1643 1440 1677 1470 in

351 1499 471 1531 circulo
497 1497 660 1536 concludi,
688 1502 740 1536 et,
770 1496 855 1538 quod
884 1497 1023 1535 mirum,
1050 1495 1167 1526 animal
1197 1494 1311 1537 aequali
1333 1493 1543 1536 intelligentia
1565 1492 1678 1536 agebat

350 1565 386 1584 ac
410 1553 487 1583 dum
517 1562 612 1582 sensu
632 1551 717 1582 visus
743 1549 912 1593 gaudebat.
942 1548 1086 1580 Debebat
1111 1549 1196 1579 enim
1216 1548 1293 1579 huic
1318 1547 1488 1589 privationi
1511 1546 1676 1588 supplere,

353 1605 500 1637 omnibus
523 1604 584 1635 illis
606 1602 796 1642 rationibus,
819 1614 897 1645 quas
918 1601 966 1633 illi
988 1595 1175 1644 shggerrere
1197 1605 1343 1642 poterant
1363 1599 1415 1630 alij
1437 1599 1509 1642 ejus
1526 1610 1634 1630 sensus
1659 1610 1677 1629 a

350 1657 557 1690 facultatibus
577 1655 848 1687 intellectualibus
870 1655 995 1699 adjecti.
1024 1655 1117 1685 Tunc
1137 1659 1224 1684 tanta
1245 1653 1412 1695 sagacitate
1434 1651 1627 1682 collisionem
1642 1651 1676 1682 in

351 1712 421 1743 illos
445 1711 541 1742 libros
565 1709 778 1751 praecavebat,
804 1715 842 1740 ut
866 1709 944 1740 dum
971 1708 1090 1739 directe
1118 1718 1184 1738 sese
1208 1707 1242 1737 in
1270 1706 1339 1737 illos
1362 1705 1528 1748 dirigeret,
1558 1705 1676 1747 optime

353 1766 472 1796 certius
501 1763 667 1802 evaderet,
699 1762 784 1805 quod
809 1763 844 1793 in
869 1762 930 1792 hac
957 1761 1006 1794 via
1032 1760 1230 1792 obstaculum
1259 1759 1427 1790 inveniret.
1461 1758 1544 1788 Tum
1570 1758 1677 1800 aliquo

351 1822 513 1849 momento
535 1816 669 1859 gradum
688 1815 831 1856 sistebat,
847 1821 880 1846 et
894 1814 1006 1846 eodem
1028 1813 1120 1845 modo
1140 1824 1264 1856 semper
1280 1811 1555 1855 progrediebatur,
1576 1811 1676 1843 donec

351 1876 534 1914 aperturam
558 1869 728 1900 invenerit.

395 1923 542 1954 Alterum
574 1927 801 1964 argumentum
832 1933 897 1964 quo
928 1921 1084 1964 probatur
1108 1920 1194 1963 quod
1224 1918 1306 1950 nihil
1336 1918 1566 1961 distingueret,
1595 1917 1677 1949 illud

350 1988 468 2020 nempe
490 1982 553 2016 est,
576 1975 677 2018 quod,
697 1975 774 2006 dum
796 1974 878 2006 illud
896 1974 1013 2006 animal
1036 1975 1069 2005 in
1090 1973 1208 2005 circulo
1229 1972 1383 2004 librorum
1405 1971 1550 2013 undique
1570 1970 1677 2002 clauso

351 2031 543 2070 retinerem,
568 2028 676 2062 volatu
701 2039 739 2060 ex
765 2028 819 2059 illo
845 2029 932 2060 exire
957 2034 1105 2059 tentaret.
1140 2026 1286 2058 Circulus
1313 2032 1421 2058 autem
1451 2024 1611 2056 constabat
1634 2036 1675 2056 ex
