1809 2469
920 223 1032 265 (60)

325 300 525 332 aemulantur.
546 299 592 329 Cl.
610 296 782 328 Prochaska
797 296 844 338 (1)
856 295 1020 337 Pragensis
1035 294 1197 325 anatomiae
1214 293 1367 336 professor
1382 293 1475 324 etiam
1492 290 1632 334 globulos

325 354 392 384 illos
412 354 445 383 in
466 352 688 394 compositione
707 350 821 381 horum
841 360 1030 390 organorum
1054 347 1194 386 admisit,
1216 358 1333 388 eosque
1355 347 1459 377 unitos
1478 355 1543 376 esse
1564 354 1634 374 cre-

327 405 406 435 didit
422 416 480 446 ope
498 410 604 435 textus
619 403 791 441 cellularis,
810 402 866 444 qui
881 402 1000 431 ratione
1013 411 1076 431 suae
1091 400 1346 431 transluciditatis
1362 397 1634 429 animadvertitur.

327 458 402 489 Haec
421 457 525 499 opinio
543 457 656 487 horum
674 456 819 487 binorum
839 454 1123 496 physiologicorum
1141 454 1237 484 nostri
1253 453 1416 494 temporis,
1438 462 1507 493 quae
1525 449 1636 480 inniti-

328 517 381 541 tur
393 511 499 541 multis
512 510 734 552 experimentis
747 519 805 550 ope
816 507 1018 548 microscopio
1029 506 1195 546 institutis,
1208 506 1387 548 opinionem
1399 503 1578 534 Vallisnerii
1591 502 1637 544 (2)

329 564 393 594 Hill
409 564 455 605 (3)
474 564 601 594 omnino
618 562 751 600 refellit,
768 567 800 592 et
816 561 975 602 praecipue
991 559 1077 590 illam
1095 571 1110 589 a
1127 558 1385 590 Leeuwenhoeck
1401 558 1448 599 (lg)
1472 556 1638 599 prolatam,

330 617 385 657 qui
396 627 518 654 onmes,
535 615 734 657 hypothesim
750 613 973 644 Ruischianam
989 613 1173 643 confirmare
1188 612 1428 650 contendentes,
1449 615 1639 641 structuram

330 668 450 699 cerebri
470 673 502 698 et
519 678 691 699 nervorum
709 667 771 698 reti
789 665 990 697 subtilissimo
1009 665 1237 696 adsimilarunt.
1262 665 1327 695 Hoc
1348 670 1414 695 rete
1436 675 1475 694 ex
1490 663 1571 694 vasis
1587 672 1642 692 ca-

331 720 494 762 pillaribus
513 726 607 750 tantae
622 720 784 750 tenuitatis
800 725 941 750 constare
958 718 1119 758 dicebant,
1135 724 1171 749 ut
1191 718 1310 760 globuli
1324 717 1412 748 rubri
1431 716 1591 758 sanguinis
1608 715 1640 744 in

331 773 384 803 illa
409 779 574 815 penetrare
599 773 779 814 nequirent.
806 772 938 802 Albinus
957 771 1004 812 (5)
1030 770 1092 814 jam
1118 771 1278 802 refellerat
1302 770 1385 801 hanc
1413 768 1643 811 compositionis

332 826 500 858 vascularis
526 825 724 867 hypothesim
738 849 746 863 ‚
785 836 881 866 quam
909 836 1014 867 neque
1046 824 1268 867 injectionibus
1303 835 1408 867 neque
1441 822 1644 864 microscopio

332 878 465 920 probare
489 884 646 920 potuerat.
669 878 787 908 Omnes
808 878 971 920 exquisitae
991 884 1022 909 et
1038 879 1222 909 minutiores
1244 879 1491 909 anatomicorum
1511 876 1646 918 inquisi-

335 931 450 969 tiones,
477 941 544 968 θος,
567 936 602 960 ut
622 930 717 971 vulgo
739 930 894 969 creditur,
918 941 982 961 non
1003 931 1205 962 adduxerunt
1223 931 1262 961 ad
1281 936 1397 961 certam
1418 929 1646 971 cognitionem,

335 983 642 1024 explicationemque
657 982 795 1013 lucidam
806 982 844 1013 de
860 983 1088 1024 organisatione
1101 994 1282 1013 nervorum.
1299 983 1345 1013 Cl.
1359 982 1449 1012 Alex.
1467 982 1576 1012 Monro
1586 980 1647 1022 (6),

336 1036 492 1077 professor
513 1034 788 1076 Edimburgensis,
814 1034 1044 1065 observationes
1069 1036 1209 1076 egregias
1232 1035 1398 1065 instituere
1423 1035 1584 1076 inceperat
1610 1033 1649 1064 de

337 1088 442 1118 nervis
469 1093 501 1117 et
530 1086 679 1124 cerebro,
719 1098 934 1128 quamquam,
972 1088 1090 1128 optime
1120 1087 1390 1118 animadvertente
1418 1087 1557 1117 Fontana
1582 1087 1650 1129 (7),

336 1141 473 1170 maxima
494 1150 564 1180 pars
585 1138 839 1180 disquisitionum
861 1137 992 1169 celebris
1012 1137 1109 1182 hujus
1132 1139 1191 1170 viri
1214 1150 1278 1169 non
1299 1150 1369 1169 raro
1388 1139 1574 1181 paradoxica
1593 1139 1651 1169 ob—

338 1197 491 1223 servetur.
522 1190 688 1232 Quidquid
716 1191 775 1230 sit,
804 1191 943 1222 novitate
968 1190 1025 1221 sua
1049 1196 1144 1233 atque
1173 1190 1325 1234 dignitate
1351 1197 1514 1223 merentur
1543 1198 1651 1223 tamen

337 1250 375 1276 ut
399 1250 518 1275 attento
536 1245 681 1275 examine
702 1244 932 1286 ponderentur.

385 1297 431 1328 Cl.
453 1297 563 1328 Monro
584 1297 746 1328 contendit
766 1297 932 1329 cerebrum
954 1304 986 1329 et
1005 1309 1117 1330 nervos
1139 1299 1284 1341 componi
1303 1309 1341 1329 ex
1363 1298 1463 1339 fibris;
1488 1298 1579 1329 fibras
1597 1298 1653 1329 has

339 1362 403 1381 non
414 1362 478 1382 esse
494 1357 608 1390 rectas,
622 1363 732 1382 verum
746 1351 909 1393 replicatas
922 1358 953 1383 et
971 1352 1132 1394 implexas.
1158 1352 1286 1383 Illarum
1302 1352 1452 1383 fibrarum
1464 1351 1654 1384 diametrum

341 1403 380 1434 ad
403 1405 458 1444 90—20
477 1410 597 1446 partem
619 1406 714 1435 unius
732 1405 853 1446 pollicis
866 1410 1046 1447 computat3
1068 1405 1188 1436 nullam
1200 1405 1233 1435 in
1251 1405 1312 1436 illis
1323 1405 1487 1436 cavitatem
1500 1405 1653 1444 inveniri,

340 1457 395 1487 sed
413 1468 430 1487 e
450 1463 557 1487 contra
581 1457 692 1488 solidas
715 1469 780 1488 esse
806 1459 949 1489 sustinet.
975 1458 1077 1500 Igitur
1103 1458 1278 1489 secundum
1305 1458 1395 1489 hunc
1419 1459 1544 1497 virum,
1571 1457 1656 1489 fibrae

341 1509 402 1540 illae
423 1510 596 1551 replicatae,
616 1511 814 1541 constituunt
828 1522 941 1542 verum
958 1511 1153 1542 elementum
1171 1517 1338 1542 structurae
1353 1522 1494 1550 nerveae‚
1515 1517 1546 1541 et
1561 1522 1655 1553 repe—-

342 1562 470 1593 riuntur
491 1563 524 1593 in
545 1574 653 1593 omnes
672 1564 808 1606 corporis
828 1570 946 1607 partes,
967 1570 999 1595 et
1017 1565 1146 1607 quidem
1166 1565 1198 1595 in
1218 1564 1294 1604 ilh‘s,
1314 1575 1385 1607 quae
1404 1575 1468 1595 non
1486 1570 1560 1595 sunt
1580 1575 1657 1594 con-

344 1615 485 1645 formatae
511 1621 547 1646 ut
567 1617 717 1647 exercitio
737 1628 886 1649 sensuum
908 1624 1120 1661 motuumque
1140 1619 1321 1650 inserviant.
1348 1618 1486 1649 Fontana
1510 1617 1656 1648 observa-

345 1669 445 1699 tiones
464 1669 588 1700 altiores
614 1671 801 1710 instituens‚
825 1683 898 1703 cum
928 1672 1036 1703 frustis
1060 1683 1252 1711 nervorum,
1282 1671 1321 1702 ab
1348 1671 1492 1702 omnibus
1517 1670 1658 1712 partibus

342 1740 1655 1753 Ἢ

405 1778 449 1806 (1)
465 1779 552 1802 Struct.
568 1787 636 1802 uerv.
654 1780 760 1804 Vindob.
783 1789 846 1811 ¹779-

407 1818 450 1846 (2)
467 1818 544 1848 Opera
561 1819 655 1847 omnia,
676 1825 733 1842 tom.
750 1821 778 1846 3,
795 1828 848 1851 pag.
865 1822 916 1844 213.

406 1858 449 1886 (5)
466 1857 532 1885 Hill,
549 1865 580 1880 on
599 1866 696 1886 nerves,
716 1867 768 1890 pag.
788 1861 810 1882 4.

408 1897 451 1925 (4)
468 1897 543 1926 Epist.
561 1898 668 1928 physiol.
686 1899 724 1921 34.

409 1936 452 1964 (5)
468 1937 542 1959 Anat.
561 1942 684 1965 amioum,
704 1938 746 1960 lib.
766 1946 788 1961 2.

409 1977 453 2005 (6)
469 1976 572 1999 Medical
592 1977 638 1999 and
656 1978 832 2008 philosophical
849 1983 1014 2009 commentary
1033 1979 1066 2009 by
1086 1979 1125 2002 the
1142 1980 1231 2009 society
1248 1979 1272 2001 in
1292 1978 1431 2009 Edimbnrg.
1449 1978 1541 2008 Lond.,
1561 1986 1625 2009 ¹779·

408 2017 451 2045 (7)
467 2017 548 2040 Traite
563 2025 602 2040 sur
617 2017 649 2040 les
667 2018 763 2047 poisons
780 2023 802 2041 et
819 2019 840 2041 le
859 2026 928 2049 corps
943 2019 1048 2048 annual,
1067 2024 1124 2042 tom.
1139 2028 1165 2047 2,
1185 2027 1238 2050 pag.
1256 2020 1312 2049 293,
1330 2018 1381 2043 ssor.
1401 2020 1464 2048 1781·
