1809 2469
816 244 828 287 (
853 245 896 278 79
917 245 928 287 )

208 320 455 351 contractionem
472 318 706 356 musculorum,
721 316 807 348 hisce
824 315 966 359 partibus
983 316 1148 348 affixorum
1162 317 1333 360 exequitur
1347 323 1385 348 ut
1399 317 1533 348 vinculis

207 373 324 417 quibus
344 374 501 405 retinetur
528 384 594 404 sese
616 372 751 403 liberare
772 371 884 402 valeat.

251 427 337 458 Jam:
357 427 407 457 An
429 426 512 458 idem
534 437 669 464 nervus,
690 436 786 467 quem
807 436 894 455 nunc
909 424 1013 463 irrito,
1033 424 1269 466 impressionem
1287 424 1416 455 cerebro
1431 430 1536 455 trans-

207 480 335 514 mittere
354 486 472 522 potest,
497 486 528 511 et
548 479 644 510 simul
667 480 767 510 centri
788 478 874 509 illius
894 477 976 521 jussa
1000 478 1157 520 accipere,
1179 483 1216 508 ut
1234 479 1266 508 in
1287 477 1355 508 illos
1377 477 1535 508 musculos

207 533 338 576 reagat‘?
367 534 516 564 Potestne
542 533 596 563 ille
626 532 755 563 cerebro
787 532 915 563 obedire
940 531 1016 563 dum
1046 543 1142 562 novas
1170 532 1320 562 continno
1345 531 1536 561 irritationes

206 587 363 618 instituo?
393 587 588 630 Impossibile
615 593 661 618 est
687 586 772 630 quod
798 586 847 617 hae
874 586 1121 616 transmissiones
1147 595 1271 616 nerveae
1298 595 1355 626 per
1384 583 1536 615 eumdem

207 651 344 672 nervum
364 641 472 683 perfici
494 641 628 683 possint,
651 652 752 683 quum
769 640 945 671 necessario
962 650 1028 670 sese
1048 639 1185 671 invicem
1207 638 1417 669 destruerent.
1443 637 1538 668 Certe

206 705 272 726 una
295 694 425 726 alteram
446 695 655 734 annihilaret,
673 706 746 726 cum
767 695 801 725 in
821 705 949 725 sensum
965 693 1158 724 contrarium
1180 691 1409 733 producantur.
1434 690 1536 732 Igitur

207 747 334 779 abunde
349 754 436 791 patet
458 749 544 791 quod
559 760 668 780 ornnes
686 749 865 791 opinionCS,
887 759 958 790 quae
979 747 1113 778 fuerunt
1132 745 1299 788 propositae
1320 751 1357 775 ut
1377 744 1465 774 binas
1480 744 1535 774 has

206 803 455 833 transmissiones
476 802 517 834 ab
534 814 600 834 uno
619 803 796 846 eodemque
816 813 914 833 nervo
939 801 1055 843 exequi
1080 800 1236 837 facerent,
1262 798 1392 829 omnino
1415 796 1536 828 funda—

206 861 316 886 mento
345 862 482 887 careant.
524 857 753 899 Experimenta-
782 862 878 898 atque
909 855 990 886 facta
1019 853 1217 896 pathologica
1246 851 1362 883 deinde
1393 850 1531 889 citanda,

205 907 305 952 hujus
323 910 500 940 assertionis
523 910 689 941 veritatem
711 908 838 940 abunde
858 907 1053 951 probabunt.

251 961 288 991 In
307 962 496 993 animalibus
511 964 711 1005 superiorum
730 962 896 1001 ordinum,
915 962 1103 1004 organisatio
1122 961 1283 1004 praecipue
1304 959 1539 990 determinatur

207 1013 246 1045 ab
272 1016 396 1057 organis
423 1026 574 1045 sensuum
599 1021 631 1045 et
661 1021 819 1046 motuum.
853 1016 986 1045 Actione
1014 1016 1156 1055 priorum
1185 1014 1299 1044 horum
1327 1023 1536 1055 organorum,

206 1072 320 1098 natura
344 1072 409 1097 tota
431 1067 496 1109 agit
515 1068 548 1098 in
569 1068 676 1109 ipsum
702 1067 835 1107 animal,
866 1067 943 1098 dum
963 1077 1022 1109 ope
1045 1066 1271 1108 posteriorum,
1298 1065 1414 1095 animal
1436 1065 1537 1106 reagit

205 1119 241 1151 in
256 1131 385 1162 corpora
400 1125 543 1150 externa.
560 1119 679 1150 Omnes
695 1121 833 1150 actiones
849 1121 921 1152 vitae
935 1119 1120 1161 vegetativae
1135 1119 1169 1148 in
1185 1117 1332 1148 omnihus
1347 1116 1537 1148 animalibus

205 1183 271 1204 suae
294 1173 469 1204 existentiae
496 1173 597 1204 media
618 1184 676 1216 per
697 1179 785 1205 actus
805 1174 879 1205 vitae
899 1173 1058 1204 sensiferae
1081 1172 1256 1214 recipiunt,
1282 1177 1314 1201 et
1336 1171 1536 1213 praecipuum

206 1225 305 1270 hujus
330 1225 436 1257 ultimi
463 1225 723 1257 manifestationis
744 1227 816 1259 vitae
839 1226 925 1257 modi
949 1237 1106 1268 organon,
1127 1231 1175 1256 est
1194 1224 1373 1256 cerebrum.
1402 1224 1538 1266 Oportet

206 1279 306 1322 igitur
329 1286 368 1311 ut
390 1281 482 1312 nervi
501 1280 716 1312 sensationum
740 1286 772 1311 et
794 1286 941 1312 motuum
962 1285 1109 1310 centrum
1131 1290 1225 1310 suum
1247 1288 1418 1309 commune
1437 1277 1538 1319 possi—

207 1332 304 1364 deant
333 1335 367 1365 in
398 1333 544 1374 cerebro,
576 1345 701 1365 necnon
731 1339 767 1365 ut
792 1333 853 1364 hoc
883 1344 1023 1376 organon
1048 1344 1159 1364 eorum
1184 1332 1320 1363 formam
1346 1337 1379 1362 et
1405 1331 1537 1362 actionis

206 1387 339 1419 modum
358 1389 527 1430 exprimat.
557 1388 625 1419 Hoc
646 1398 757 1420 revera
779 1387 887 1418 locum
909 1386 1005 1418 habet
1028 1386 1084 1417 tali
1104 1385 1198 1417 modo
1219 1386 1253 1416 in
1276 1385 1381 1416 nervis
1407 1385 1535 1424 visioni,

206 1440 370 1472 olfactioni
390 1447 423 1472 et
443 1442 615 1484 gustationi
631 1441 756 1481 dicatis,
777 1441 834 1484 qui
848 1440 1032 1472 immediate
1048 1451 1087 1471 ex
1106 1439 1235 1471 cerebro
1251 1444 1438 1481 emergunt,
1457 1437 1537 1468 etin

207 1494 269 1525 illis
289 1495 435 1526 tactionis
455 1501 487 1526 et
507 1506 698 1538 organorum
718 1495 942 1533 motoriorum,
966 1494 1022 1536 qui
1046 1493 1097 1525 vel
1122 1492 1262 1524 mediate*
1281 1491 1334 1524 vel'
1354 1490 1537 1522 immediate

207 1558 249 1579 ex
264 1548 407 1579 medulla
421 1548 534 1591 spinali
553 1548 742 1591 procedunt.
764 1548 831 1579 Hoc
851 1548 965 1590 utique
980 1552 1103 1578 certum
1120 1551 1184 1577 est:
1204 1556 1268 1588 quo
1287 1545 1386 1587 magis
1401 1550 1537 1587 systema

208 1600 388 1632 musculare
409 1607 456 1632 est
477 1601 658 1641 evolutum,
681 1612 719 1632 eo
739 1601 879 1632 medulla
897 1600 995 1632 relate
1013 1600 1052 1631 ad
1070 1601 1175 1642 ipsum
1196 1597 1363 1630 cerebrum
1383 1603 1431 1628 est
1451 1608 1536 1628 cras—

208 1654 286 1694 sior3
304 1665 367 1697 quo
383 1655 482 1697 magis
497 1661 604 1686 autem
620 1655 689 1686 aliae
703 1656 896 1686 sensationes
911 1654 1041 1687 diversae
1056 1659 1147 1693 sunt,
1164 1664 1201 1685 eo
1214 1651 1316 1697 majus
1327 1658 1374 1683 est
1386 1651 1536 1685 volumen

208 1707 333 1739 cerebri·
346 1708 444 1739 relate
465 1708 505 1740 ad
529 1709 680 1741 volumen
704 1709 864 1741 medullae.

252 1761 322 1792 Jam
343 1773 437 1804 supra
453 1762 591 1795 vidimus
606 1763 783 1805 quod-unio
804 1763 934 1805 sphaerae
954 1762 1140 1805 vegetativae
1156 1771 1228 1792 omn
1246 1758 1370 1802 sphaera
1385 1757 1536 1789 sensifer&

208 1814 315 1846 locum
337 1815 452 1847 habeat
471 1827 533 1859 ope
554 1816 708 1848 medullae
724 1816 900 1859 oblongatae
919 1821 950 1847 et
970 1814 1115 1858 spinaliS,
1136 1813 1297 1857 praecipue
1318 1812 1351 1843 in
1372 1811 1424 1842 illa
1445 1816 1536 1853 parte

208 1869 322 1912 prioris
345 1871 470 1912 organi,
495 1870 551 1902 ubi
568 1870 709 1902 funiculi
729 1882 898 1914 corporum
912 1868 1158 1913 pyramidalium
1174 1877 1245 1898 sese
1256 1866 1441 1903 decussata,
1461 1864 1534 1906 qu'r-

209 1934 272 1965 que
292 1922 408 1954 deinde
425 1935 491 1955 sese
511 1924 691 1956 extendunt
710 1935 814 1967 usque
833 1923 871 1955 ad
890 1923 1006 1954 lineam
1023 1927 1159 1960 rectam,
1178 1926 1264 1951 trans
1280 1919 1386 1961 ipsum
1405 1923 1537 1960 pontem>

194 1976 349 2015 >Varolii,
384 1982 416 2008 et
445 1988 516 2008 suos
547 1978 745 2022 pedunculos
779 1977 979 2015 cerebrales,
1004 1985 1107 2017 usque
1136 1974 1170 2004 'm
1200 1984 1329 2014 corpora
1364 1972 1470 2002 striata
1504 1977 1536 2001 et

208 2036 333 2076 partem
358 2031 552 2064 anteriorem
575 2031 800 2065 colliculorum
826 2030 1026 2073 opticorum,
1057 2026 1144 2059 unde
1169 2036 1288 2068 magno
1312 2034 1448 2055 numero
1474 2034 1535 2054 uo—
