1809 2469
944 245 957 289 (
981 248 1001 279 8
1024 246 1036 289 )

327 322 396 354 lum
422 320 558 352 inferius
579 320 629 353 vel
651 320 815 364 antiquius
839 331 947 353 veram
972 320 1112 352 radicem
1137 332 1202 353 esse
1218 322 1439 364 crediderunt,
1465 325 1542 368 quin
1563 327 1658 358 etiam

327 375 388 406 hoc
408 373 615 406 tuberculum
639 374 762 406 duabus
783 373 941 406 radicibus
962 374 1117 405 distinctis
1138 375 1311 407 formatum
1337 377 1571 409 existimarunt.
1594 379 1660 411 Hoc

326 439 437 461 revera
469 427 533 472 jam
562 428 720 468 vidimus,
754 428 882 471 quando
918 440 1029 459 eorum
1062 428 1156 460 verba
1187 430 1378 461 notavimus.
1422 431 1518 462 Error
1553 437 1661 464 tamen

326 482 456 513 omnino
477 482 653 522 evanescit,
676 493 778 525 quum
797 482 881 513 inter
902 493 934 513 se
952 482 1160 514 conserantur
1176 482 1382 515 tuberculum
1407 484 1586 516 orchidum
1607 497 1662 517 ra-

327 535 450 567 dicibus
475 535 620 578 palmatis
648 541 681 567 et
714 546 870 578 organum
899 535 1093 578 respondens
1127 535 1307 568 Orchidum
1339 536 1497 569 radicibus
1524 537 1661 581 didymis

326 595 567 621 instructorum.

927 668 953 710 g
998 667 1054 699 VI.

370 755 538 787 Peculiare
555 760 657 786 exstat
671 753 906 796 phaenomenon
921 753 1006 796 quod
1022 754 1055 784 in
1072 754 1232 786 radicibus
1247 755 1298 787 vel
1312 754 1529 787 hibernaculis
1544 756 1662 789 harum

325 809 509 852 plantarum
531 808 733 839 observatur:
768 806 854 849 quod
879 807 1114 850 phaenomenon
1142 808 1336 840 Orchidibus
1366 809 1486 840 radices
1509 810 1664 853 palmatas

326 869 359 894 et
383 861 578 893 Orchidibus
599 860 719 891 radices
746 859 890 903 didymas
916 866 948 891 et
972 860 1119 902 pluribus
1143 861 1211 892 aliis
1235 862 1351 904 plantis
1372 863 1493 894 radices
1516 863 1663 895 bulbosas

326 915 518 947 habentibus
549 925 720 946 commune
747 920 809 944 est:
845 913 965 944 scilicet
993 909 1170 956 progressio
1194 915 1256 957 qua
1287 916 1321 946 in
1351 921 1468 948 terram
1499 917 1663 960 prorepit,

325 981 391 1001 non
414 970 547 1001 unicum
572 968 775 999 individuum
789 991 797 1007 ,
825 967 879 998 sed
902 968 997 998 series
1016 968 1256 999 individuorum
1280 970 1456 1001 successive
1477 975 1509 1000 et
1528 981 1665 1001 nascen-

325 1025 409 1055 tium
426 1029 459 1054 et
476 1023 747 1055 evanescentium.
776 1021 888 1063 Itaque
911 1020 1075 1051 character
1096 1019 1149 1050 ille
1171 1021 1226 1062 qui
1243 1032 1383 1063 persaepe
1406 1033 1463 1064 pro
1481 1022 1664 1055 discrimine

326 1079 411 1109 inter
431 1077 554 1120 plantas
575 1082 607 1107 et
628 1075 776 1107 animalia
796 1075 909 1106 datur:
935 1075 1027 1104 entia
1046 1074 1226 1116 organica,
1250 1075 1466 1105 locomotione
1481 1075 1662 1113 destituta,

326 1131 475 1161 strictiori
502 1140 597 1161 sensu
622 1131 655 1159 in
682 1140 792 1160 rerum
823 1127 938 1159 natura
963 1128 1065 1159 veluti
1092 1127 1315 1169 exceptionem
1344 1127 1483 1169 aliquam
1512 1128 1663 1160 admittit.

327 1184 477 1214 Attamen
500 1183 675 1225 progressio
699 1193 795 1224 quam
816 1182 849 1211 in
876 1180 1070 1212 Orchidibus
1095 1179 1315 1220 observamus,
1336 1180 1522 1211 nullomodo
1544 1181 1665 1213 indivi-

327 1236 431 1268 dualis
454 1242 516 1267 est:
548 1235 601 1266 illa
629 1235 733 1267 vocari
756 1240 860 1277 posset
883 1233 1061 1274 specifica,
1093 1238 1131 1263 ut
1151 1238 1331 1275 opponatur
1355 1233 1565 1275 progressioni
1592 1244 1664 1276 quae

326 1292 360 1321 in
385 1289 574 1321 animalibus
597 1289 704 1320 locum
727 1289 869 1319 sortitur.
901 1286 962 1318 Sed
983 1286 1051 1317 haec
1079 1286 1184 1317 omnia
1210 1285 1422 1328 explicatione
1448 1286 1548 1328 ipsius
1572 1286 1666 1329 phae-

327 1343 458 1374 nomeni
479 1342 634 1373 lucidiora
658 1341 805 1374 evadent.

372 1397 409 1426 ln
441 1395 588 1426 omnibus
615 1393 810 1425 Orchidibus
838 1392 959 1424 radices
987 1393 1053 1424 sive
1079 1391 1231 1435 palmatas
1259 1392 1325 1424 sive
1348 1391 1491 1434 didymas
1514 1392 1665 1424 habenti-

328 1450 387 1480 bus
398 1473 406 1488 ,
423 1449 629 1480 observantur
645 1447 709 1478 duo
726 1446 910 1485 tubercula,
926 1456 1064 1487 quorum
1085 1456 1189 1476 unum
1203 1445 1349 1484 firmum,
1366 1444 1520 1485 solidum,
1536 1445 1666 1477 alterius

329 1503 494 1535 volumine
515 1503 621 1533 minus
645 1513 747 1544 quum
776 1500 883 1543 planta
910 1509 1072 1542 gemmare
1094 1498 1226 1540 incipit,
1256 1497 1359 1541 majus
1382 1509 1399 1529 e
1425 1504 1534 1529 contra
1562 1510 1666 1541 quum

329 1556 482 1595 effloruit,
500 1556 601 1598 prima
619 1554 799 1591 rudimenta
820 1553 936 1596 plantae
954 1551 1139 1585 evolvendae
1156 1551 1314 1590 continet,
1336 1562 1541 1594 quorumque
1557 1553 1666 1584 nutri-

329 1610 409 1640 tioni
434 1610 587 1640 inservire
608 1607 718 1648 debet,
748 1607 833 1649 (vid.
857 1606 925 1637 tab.
949 1606 981 1637 1.
996 1606 1064 1648 fig.
1092 1607 1107 1635 1
1126 1624 1147 1629 -
1162 1604 1254 1646 10.);
1289 1598 1426 1636 alterum
1452 1616 1527 1638 vero
1551 1605 1661 1646 molle,

329 1663 518 1702 flaccidum,
544 1673 714 1705 rugosum,
738 1660 855 1703 plantae
876 1660 939 1703 jam
963 1659 1099 1692 evolutae
1118 1658 1299 1698 adhaerens,
1324 1658 1423 1700 priori
1444 1657 1546 1701 majus
1566 1669 1665 1690 verno

330 1721 490 1758 tempore,
508 1725 608 1757 quum
631 1714 738 1756 planta
754 1719 909 1756 geminat,
926 1718 958 1744 et
974 1713 1079 1744 minus
1100 1724 1202 1755 quum
1222 1712 1290 1743 haec
1311 1712 1458 1744 effloruit.
1481 1712 1583 1754 Igitur
1599 1711 1664 1744 duo

330 1768 498 1800 tubercula
519 1768 553 1798 in
576 1767 709 1810 singulis
735 1767 851 1809 plantis
875 1766 1009 1806 adsunt,
1040 1765 1095 1797 sed
1120 1766 1236 1808 hyeme
1265 1765 1476 1804 adventante,
1509 1767 1665 1807 posterius

331 1822 523 1861 destruitur,
549 1821 651 1852 solum
674 1831 748 1853 vero
769 1821 857 1863 prius
877 1821 980 1863 viget,
1006 1831 1071 1850 non
1090 1819 1154 1862 jam
1176 1820 1210 1850 in
1230 1819 1342 1850 eodem
1363 1818 1432 1849 loco
1451 1829 1548 1860 quem
1572 1824 1665 1850 antea

331 1874 538 1906 tuberculum
561 1874 693 1905 effetum
719 1873 909 1916 occupabat,
931 1873 985 1905 sed
1009 1873 1180 1916 paululum
1205 1872 1430 1915 longinquiuS‚
1454 1872 1497 1903 ita
1522 1877 1559 1903 ut
1584 1872 1664 1903 serie

332 1929 596 1971 generationum,
627 1928 742 1959 sensim
773 1927 993 1970 paulatimque
1017 1927 1125 1970 planta
1149 1925 1370 1969 progrediatur
1391 1936 1464 1967 quae
1485 1925 1530 1955 sic
1555 1925 1664 1967 vagari

333 1982 416 2013 dicta
437 1982 512 2013 fuit.
536 1982 586 2013 Ex
605 1992 642 2013 eo
661 1982 757 2013 etiam
779 1981 826 2012 Cl.
843 1982 933 2012 Bosc
949 1981 1089 2024 spatium
1111 1980 1197 2023 quod
1216 1985 1359 2021 tempore
1378 1978 1451 2009 dato
1474 1989 1664 2021 percurrere

333 2042 436 2079 potest
457 2035 581 2079 planta,
600 2036 782 2069 aestimavit:
805 2036 941 2076 etenim,
962 2035 1085 2079 inquit,
1106 2033 1215 2067 saeculi
1230 2032 1413 2073 intervallo,
1432 2033 1551 2075 species
1572 2031 1665 2076 cujus
