1809 2469
858 219 950 262 (4)

298 299 495 340 Tlierapiam
516 296 722 341 generalem,
748 292 934 326 Materiam
957 289 1135 327 medicam,
1156 295 1190 322 et
1209 289 1467 327 Pharmaciam,
1494 301 1569 320 cum

250 353 409 386 Methodo
421 350 639 384 concinnandi
643 348 814 393 formulas
827 345 1057 381 medicinales,
1072 343 1251 375 secundum
1262 343 1569 385 Pharmacopoeam

251 408 445 450 Belgicam,
473 404 612 443 docebit,
637 401 748 433 diebus
767 400 868 440 Jovis,
887 398 1022 429 Veneris
1042 403 1074 428 et
1094 397 1239 436 Saturni,
1260 396 1371 427 eadem
1391 396 1480 427 hora.

295 460 330 490 F.
355 460 392 490 E.
417 456 651 489 VERBEECK.
685 453 805 485 Diebus
831 454 946 492 Lunae,
974 450 1098 490 Martis,
1129 449 1280 482 Mercurii
1306 455 1339 480 et
1361 449 1467 489 Jovis‚
1495 448 1572 480 hora

251 513 388 549 octava,
412 512 611 542 Anatomen
631 513 778 551 exponet.

296 565 409 597 Iisdem
434 564 559 603 diebus,
584 562 661 594 hora
685 560 821 603 quintd,
845 557 1105 601 Physiologiam
1128 555 1263 587 docebit.

296 620 327 650 J.
351 619 386 649 F.
410 615 668 649 KLUYSKENS.
699 612 794 656 Prof.
821 610 1000 643 Extraord.
1041 610 1226 652 Chirurgioe
1259 611 1389 640 clinicoe
1416 610 1450 640 in
1474 608 1574 640 Noso—

255 672 356 703 comio
375 670 581 708 Academico,
605 667 716 699 diebus
735 667 852 705 Lunae,
873 663 1025 696 Mercurii
1049 668 1081 693 et
1101 662 1250 702 Veneris,
1269 662 1346 693 hora
1366 662 1477 693 media
1501 667 1575 693 ante

255 731 406 756 octavam
428 723 561 756 vacabit.

298 777 416 809 Eadem
437 775 530 814 hora,
556 773 667 805 diebus
689 771 813 809 Martis,
839 769 926 800 Jovis
947 773 980 799 et
1001 767 1147 807 Saturni,
1170 768 1407 799 Institutione-s·
1440 767 1576 799 Chirur—

253 831 350 872 gicas
372 830 406 860 in
427 827 547 859 aed1bus
571 825 767 857 Academicis
789 820 924 853 docebit.

300 884 428 914 Artem
447 880 684 912 Obstetriciam
702 874 828 908 docebit
845 873 957 905 diebus
971 873 1071 903 Lunae
1085 877 1118 902 et
1138 871 1304 912 Mercurii,
1324 872 1402 903 hora
1418 873 1575 904 secunda.

303 935 338 966 C.
362 934 449 965 VAN
474 931 676 963 COETSEM.
700 928 796 971 Prof.
812 926 992 959 Extraord.
1016 925 1136 957 Diebus
1146 926 1246 958 Lunae
1258 932 1290 957 et
1301 926 1423 965 Martis,
1439 926 1516 958 hora
1528 927 1577 966 X,

260 988 468 1020 Medicinam
481 985 653 1028 forensem
673 989 707 1015 et
719 983 899 1025 politicam
919 984 1067 1023 exponet.

304 1039 419 1071 Iisdem
439 1049 514 1071 vero
532 1037 659 1077 diebus,
683 1036 761 1067 hora
779 1036 845 1074 XI,
868 1035 1045 1077 Hygienam
1070 1032 1183 1064 tradet.

306 1094 465 1124 Praeterea
493 1091 695 1122 Tabularum
723 1089 924 1120 Clinicarum
951 1088 984 1117 in
1009 1086 1194 1118 Nosocomio
1215 1084 1433 1117 faciendarum
1454 1097 1580 1125 curam,

265 1145 324 1178 sub
345 1145 490 1188 auspiciis
509 1144 556 1175 Cl.
576 1143 662 1176 Prof.
688 1143 774 1174 Van
795 1141 1006 1177 Rotterdam,
1031 1145 1130 1183 geret.

311 1303 556 1336 Exercitationes
580 1302 800 1345 disputatorias
824 1300 942 1343 singuli
963 1299 1158 1330 Professores
1181 1297 1215 1327 in
1242 1297 1495 1339 praelectionibus
1520 1300 1584 1330 suis

270 1356 528 1389 moderabuntur.

817 1447 1037 1458 mmm

316 1523 345 1553 J.
360 1524 395 1553 L.
411 1521 647 1553 BODDAERT.
670 1520 763 1551 Med.
781 1526 813 1551 et
832 1519 981 1561 Chirurg.
998 1519 1098 1548 Doct.
1121 1516 1318 1549 Cadaverum
1332 1517 1585 1559 dissectionibus,

274 1576 312 1608 ab
331 1577 404 1619 ipsis
424 1577 592 1606 Anatomes
610 1574 796 1605 Professoris
820 1572 969 1603 lectiones
989 1570 1193 1602 audientibus
1216 1569 1385 1613 juvenibus
1405 1571 1437 1602 in
1461 1572 1587 1614 amphi-

274 1629 396 1660 theatro
427 1626 647 1666 instituendis,
676 1626 822 1669 praeerit,
853 1624 985 1666 illosque
998 1648 1006 1663 ,
1041 1623 1099 1654 sub
1130 1622 1344 1654 moderamine
1380 1624 1566 1656 Professor-is
1579 1650 1586 1664 ,

276 1681 462 1713 methodum
483 1680 608 1712 secandi
628 1680 778 1712 cadavera
800 1678 933 1710 docebit.

1017 1762 1070 1792 Ex
1090 1761 1232 1791 Mandata
1254 1762 1385 1791 Hectoris
1406 1769 1432 1792 et
1452 1762 1590 1797 Senatas,

278 1817 316 1847 A.
340 1816 379 1846 D.
403 1815 465 1846 XII
487 1815 570 1858 Aug.
1145 1812 1184 1843 G.
1209 1813 1244 1843 L.
1270 1812 1436 1852 MAHNE,

281 1869 324 1901 M.
339 1869 457 1900 DCCC.
471 1869 593 1900 XXVI.
961 1867 1102 1898 Senatus
1126 1865 1331 1896 Academici
1357 1865 1588 1907 Graphiarius.

328 1955 520 1987 Bibliotheca
541 1954 725 1986 Academica
741 1954 916 1996 unicuique
931 1952 1049 1995 patebit
1063 1951 1194 1995 singulis
1208 1951 1334 1991 diebus,
1355 1952 1394 1984 ab
1410 1952 1486 1984 hora
1504 1954 1590 1984 nond

285 2009 332 2040 ad
351 2009 533 2046 meridiem,
560 2014 592 2039 et
611 2019 629 2039 a
649 2007 792 2039 secunda*
813 2005 1027 2050 pomeridiana
1048 2016 1147 2049 usque
1168 2005 1206 2037 ad
1228 2011 1392 2048 quartam.
